1639 2946
801 171 849 225 3

247 330 439 388 Triplici
482 331 620 386 igitur
663 334 974 387 cogitationum
1013 349 1200 390 genere,
1246 353 1331 394 quo
1370 342 1510 387 omnis

82 467 87 470 ι
131 410 338 465 cogitatio
370 410 643 463 continetur,
673 413 896 469 exposito,
938 428 1057 466 eam,
1086 417 1131 457 in
1164 430 1248 472 qua
1279 417 1510 464 dialectica

130 492 357 540 versatur,
397 490 644 531 accuratius
665 489 758 549 jam
789 491 850 532 ita
883 492 1076 535 indicare
1097 508 1356 550 possumus,
1384 502 1434 539 ut
1462 498 1509 542 in

128 580 246 608 mera
275 567 579 624 philosophica
625 582 718 610 eam
753 571 920 611 versari
958 577 1218 616 statuamus.
1277 573 1405 618 Unde
1436 591 1506 618 se-

125 646 299 700 quitur,
331 652 378 687 ut
403 645 458 686 ad
480 660 553 687 eos
575 647 694 688 solos
715 652 883 705 spectet
904 648 1156 703 dialectica,
1186 650 1262 706 qui
1279 652 1504 697 scientiam

124 729 356 780 appetant,
386 725 455 766 vel
487 725 600 766 scire
629 726 780 769 velint.

247 823 545 878 Cogitationes
595 825 689 868 sine
734 825 884 880 lingua
930 827 1119 870 existere
1167 833 1299 885 atque
1345 830 1501 877 adesse

123 916 208 944 non
240 910 440 958 possunt.
498 903 620 945 Haec
640 904 751 945 enim
774 904 951 946 illarum
981 907 1108 962 quasi
1135 908 1392 951 elementum
1414 917 1500 957 est.

122 981 319 1035 Linguae
359 988 500 1022 autem
544 982 647 1022 haec
688 987 755 1023 est
796 987 976 1035 natura,
1022 991 1070 1026 ut
1108 986 1151 1027 in
1183 1001 1422 1030 sermonem
1455 995 1500 1032 et

119 1060 382 1115 colloquium
404 1060 547 1102 abeat.
607 1059 735 1101 Unde
762 1061 832 1112 fit,
865 1066 913 1102 ut
938 1062 1168 1118 unicuique
1186 1067 1498 1118 cogitationum

118 1138 269 1191 generi
306 1138 512 1194 proprius
558 1138 782 1179 conveniat
831 1153 972 1180 sermo
1012 1145 1055 1181 et
1094 1143 1314 1197 peculiare
1357 1146 1497 1200 quod-

117 1215 214 1257 dam
237 1216 501 1271 colloquium
518 1215 579 1270 διο>.
639 1215 874 1258 Sermones
899 1224 942 1259 et
961 1233 1134 1271 eorum,
1175 1222 1313 1276 quiin
1338 1224 1496 1278 primo,

116 1300 160 1336 et
188 1309 362 1347 eorum,
402 1295 538 1350 quiin
561 1296 700 1336 altero
731 1296 1040 1349 cogitationum
1072 1313 1228 1352 genere
1251 1308 1496 1355 versantur,

116 1373 275 1416 missos
296 1374 518 1425 facienteS,
533 1374 859 1429 philosophicus
881 1377 1125 1417 accuratius
1140 1380 1494 1434 contemplemur.

228 1474 461 1517 Sermones
490 1475 780 1530 philosophici
820 1479 922 1516 sunt
951 1476 1009 1526 ii,
1051 1478 1125 1531 qui
1156 1477 1198 1518 id
1230 1484 1406 1534 petunt,
1445 1484 1494 1522 ut

115 1554 401 1609 cogitationes
433 1554 659 1610 proferant
688 1567 871 1609 prorsus
902 1554 1173 1596 universales
1217 1557 1492 1613 omniumque

113 1647 376 1676 communes,
451 1629 504 1671 Id
549 1631 661 1686 quod
705 1647 851 1674 omnes
900 1647 1121 1674 sermones
1164 1634 1493 1692 philosophicos

114 1710 442 1766 antegrediatur
463 1724 636 1751 necesse
666 1715 764 1761 est,
794 1712 1134 1753 controversiam
1167 1713 1235 1754 vel
1253 1713 1493 1762 dubitatio-

114 1802 208 1832 nem
243 1789 488 1830 rectissime
519 1787 683 1828 dixeris
707 1787 796 1839 W).
864 1788 986 1830 Haec
1014 1796 1154 1830 autem
1185 1792 1485 1834 controversia

114 1868 274 1924 duplex
295 1882 391 1908 esse
415 1873 582 1924 potest,
613 1873 655 1907 et
683 1866 811 1906 unius
841 1872 883 1907 et
915 1869 1217 1923 complurium.
1278 1869 1490 1923 Singulus

114 1946 287 2003 quidam
332 1960 474 1986 secum
517 1945 783 2001 disputabit,
822 1944 932 1985 siin
967 1946 1197 1999 cogitando
1233 1946 1489 2003 impeditum

112 2041 159 2067 se
189 2024 401 2078 cognorit,
433 2023 727 2078 studebitque,
758 2028 828 2074 ut,
858 2025 1162 2079 repugnantiis
1191 2025 1385 2077 remotis,
1417 2040 1489 2067 se-

111 2117 206 2144 cum
235 2103 493 2145 consentiat.
553 2102 809 2157 Complures
846 2101 1156 2157 disputabunt,
1200 2102 1238 2142 si
1269 2102 1489 2145 dissense-

111 2182 201 2222 rint
246 2181 376 2236 idque
412 2186 643 2236 appetent,
687 2186 734 2220 ut
772 2178 1046 2221 dissensione
1087 2180 1257 2220 sublata
1297 2180 1350 2220 de
1397 2195 1484 2222 uno

112 2259 384 2302 conveniant.
460 2258 782 2301 Controversiis
822 2258 1007 2298 nondum
1049 2256 1184 2309 ortis,
1230 2257 1327 2298 fieri
1367 2259 1488 2300 nullo

111 2338 236 2379 modo
257 2342 425 2395 potest,
464 2342 509 2378 ut
529 2337 754 2379 dialectica
779 2337 972 2388 oriatur;
1014 2336 1138 2378 abest
1161 2335 1298 2389 erim,
1329 2336 1371 2378 in
1402 2351 1487 2393 qua

165 2515 212 2568 ⁴22)
247 2515 314 2557 Cf.
346 2530 386 2571 p.
420 2522 527 2565 571,
562 2524 598 2558 3.

170 2583 242 2635 Η)
275 2581 339 2626 Cf.
369 2598 408 2639 p.
443 2590 533 2626 574.
