1639 2946
97 328 162 369 sci
200 342 330 385 posse
376 328 622 385 opinantes.
690 327 864 370 Norma'
903 331 1034 383 atque
1073 326 1249 380 regula,
1295 340 1344 366 ex
1380 341 1464 381 qua

96 406 483 467 Schleiermzicheri
515 409 663 450 critica
693 409 796 449 haec
828 407 1026 460 negativa
1058 405 1272 462 profluat,
1302 418 1348 446 ea
1381 410 1464 452 est,

92 498 175 541 qua
214 498 338 526 omne
377 485 609 527 discrimen
657 500 909 541 omnemque
948 485 1264 541 oppositionem
1306 489 1349 525 et
1392 483 1463 524 in„

93 567 259 604 ternam
302 570 345 605 et
385 571 608 606 externam
652 579 673 605 a
708 565 804 606 Deo
843 562 1143 605 removendam
1184 576 1281 603 csse
1322 566 1462 618 putat·

94 641 186 684 Ubi
217 641 450 684 discrimen
481 647 611 697 atque
644 642 864 698 oppositio
896 645 1058 691 exstat,
1107 638 1170 679 ibi.
1200 645 1372 679 exstare
1402 639 1464 680 si-

94 720 184 761 mul
214 724 339 777 putat
368 720 583 777 inopiam,
624 725 667 761 et
707 719 780 760 ubi
813 719 956 774 inopia
988 722 1081 769 est,
1111 716 1235 758 Deus
1266 731 1350 758 non
1379 721 1463 759 est.

92 797 182 839 Dei
222 804 421 839 naturam
462 797 537 853 qui
576 797 619 838 in
662 811 709 838 se
748 797 998 837 distinctam
1039 798 1083 836 et
1113 795 1183 836 vel
1221 794 1463 850 oppositam

91 881 270 932 putant,
321 875 365 916 hi
404 890 496 917 eam
539 875 583 916 in
624 875 844 916 finitarum
883 889 1028 915 rerum
1062 888 1286 915 numerum
1317 871 1465 914 detra-

91 954 216 996 hunt.
276 951 519 994 Videamus
557 952 667 1008 jam,
701 967 810 1008 quas
843 951 1270 998 Schleiermacherus
1292 957 1464 991 senten-

90 1032 178 1072 tias
208 1030 260 1071 de
289 1028 360 1071 dei
390 1036 544 1070 natura
578 1029 772 1084 prolatas
810 1042 865 1068 ex
906 1029 984 1068 hoc
1015 1027 1230 1084 principio
1261 1028 1464 1070 refellen-

91 1110 171 1151 das
201 1112 342 1165 putet.

206 1198 248 1241 1.
307 1195 632 1237 Sententiarum
681 1212 788 1253 quas
830 1198 1055 1255 impugnat
1102 1199 1196 1241 fere
1234 1198 1464 1256 potissima

91 1277 195 1318 haec
226 1281 316 1329 est,
348 1291 475 1332 quam
508 1276 836 1319 Pantheismum
868 1279 998 1332 vulgo
1029 1278 1195 1322 dicunt.
1248 1278 1464 1320 Schleier-

93 1357 320 1398 macherus
350 1370 375 1396 a
396 1352 668 1397 Pantheismi
700 1357 895 1408 crimine,
926 1356 1048 1413 cujus
1078 1371 1100 1396 a
1134 1357 1364 1412 permultis
1395 1371 1464 1396 ac-

46 1438 47 1441 ’
92 1435 351 1486 rimabatur,
381 1448 563 1490 prorsus
594 1448 640 1474 se
673 1448 848 1474 vacuum
882 1439 1011 1489 atque
1041 1433 1229 1475 liberum
1261 1434 1465 1491 opinatus

93 1519 176 1556 est.
264 1511 378 1554 Prae
426 1512 586 1553 ceteris
627 1513 764 1567 igitur
806 1511 1154 1565 investigandum
1194 1518 1284 1564 est,
1336 1527 1463 1568 quam

93 1590 307 1632 theoriam
347 1590 612 1646 panthcismi
654 1590 824 1630 nomine
871 1588 1174 1645 appeliandam
1226 1604 1324 1630 esse
1363 1605 1464 1631 cen-

95 1675 205 1713 seat.
276 1667 381 1710 Eam
414 1668 652 1710 doctrinam
686 1668 1002 1723 pantheismum
1036 1672 1182 1720 vocat,
1223 1683 1306 1724 qua
1338 1668 1464 1709 Deus

95 1765 258 1792 summa
291 1751 356 1792 vis
387 1763 485 1790 esse
516 1749 726 1789 statuitur
759 1749 821 1800 ᾖ).
880 1746 933 1788 1η
973 1748 1052 1799 iis,
1096 1761 1205 1803 quae
1235 1761 1368 1803 supra
1399 1745 1463 1787 di-

94 1829 390 1885 sputavimus,
429 1829 539 1879 vim,
588 1828 641 1867 ab
672 1827 927 1868 existentiae
968 1833 1172 1867 externae
1212 1827 1280 1867 vel
1318 1840 1463 1866 rernm

31 1942 39 1952 ,
93 1907 317 1964 partibus,
357 1905 524 1946 notioni
565 1903 1062 1960 respondere0vidi1nu5.
1130 1902 1357 1957 Quatenus
1396 1916 1464 1943 re-

94 1998 188 2025 rum
220 1983 496 2025 existentiam
540 1983 593 2022 ad
635 1983 718 2022 vim
759 1981 938 2038 ejusque
972 1982 1186 2022 notionem
1220 1981 1464 2022 rectissime

94 2062 327 2114 retuleris,
369 2065 547 2102 eatenus
587 2060 778 2100 notionis
818 2061 951 2099 forma
992 2073 1083 2100 eam
1125 2060 1295 2101 omnino
1326 2060 1464 2101 susci-

95 2155 196 2198 pere
226 2146 362 2197 poteS.
424 2139 509 2180 Vis
529 2144 670 2179 autem
706 2137 874 2177 nonnisi
908 2152 954 2178 ea
989 2137 1218 2178 existentia
1253 2137 1336 2178 dici
1367 2144 1463 2195 pot-

95 2223 186 2270 est,
235 2231 344 2274 quae
374 2231 420 2257 se
459 2216 708 2256 manifestat
748 2228 879 2268 seque
912 2213 1232 2254 manifestando
1273 2214 1462 2270 phaeno-

96 2311 217 2338 mena
258 2295 438 2353 profert.
509 2293 806 2334 phaenomena
850 2292 985 2345 igitur
1029 2293 1109 2332 vim
1153 2292 1289 2347 ipsam
1333 2293 1371 2331 in
1416 2308 1462 2333 se

94 2375 315 2417 continent
355 2374 607 2428 nullumque
647 2372 736 2412 sere
768 2370 1001 2411 discrimen
1042 2371 1254 2411 interesse
1296 2370 1463 2412 videtur

153 2583 189 2631 ‘)
223 2578 289 2621 Cf.
323 2579 362 2630 ς.
399 2584 487 2617 183.
