1639 2946
698 205 796 259 43

179 365 230 408 Si
261 377 362 406 vero
406 363 507 404 unio
549 363 660 414 ista,
700 361 745 402 iu
778 374 905 416 quam
947 363 1131 415 utraque
1170 360 1307 401 forma
1345 360 1447 412 coit,

65 444 171 485 talis
191 447 273 494 est,
305 455 413 498 quae
434 440 668 482 discrimen
693 444 901 494 reservet,
929 453 1022 480 cum
1044 453 1209 479 summa
1236 439 1277 479 vi
1299 437 1446 480 eadem

65 527 134 563 est
165 519 422 568 statuenda,
455 520 663 574 nulloque
695 518 820 559 modo
852 532 905 559 ex
936 517 992 558 iis
1024 517 1292 570 rationibus,
1335 531 1445 573 quas

65 613 198 656 supra
225 598 315 656 jam
347 598 626 655 exposuimus
647 629 659 650 ‚
700 597 796 639 Deo
826 595 1094 652 respondere
1121 599 1281 652 potest.
1340 594 1445 636 Ete-

60 677 148 719 nim
179 691 344 719 summa
374 690 504 717 causa
537 676 631 717 sine
660 675 887 717 effectibus
915 673 1219 723 eodem2m0d0
1258 673 1447 728 cogitari

63 755 240 811 nequit,
273 769 357 812 quo
388 768 553 797 summa
584 753 651 796 vis
682 753 776 794 sine
806 753 1113 810 phaenomenis
1143 751 1329 807 cogitari
1360 766 1444 792 non

60 834 222 890 potuit.

176 944 272 988 Jam
305 945 344 986 si
383 939 731 997 interrogamus3
769 944 873 999 quid
912 957 960 985 re
998 957 1098 984 vera
1137 943 1197 984 sit
1237 956 1286 983 ea
1326 943 1444 995 unio,

65 1037 176 1078 quae
211 1024 305 1065 sine
343 1024 434 1064 ullo
470 1022 722 1063 discrimine
759 1028 800 1063 et
841 1036 1003 1063 summa
1035 1035 1164 1062 causa
1204 1027 1248 1062 et
1278 1035 1443 1061 summa

62 1102 129 1142 vis
161 1101 247 1142 dici
279 1101 450 1158 possit,
489 1115 687 1156 quaeque
722 1101 865 1141 onmia
906 1100 1027 1141 finita
1065 1115 1113 1140 ac
1147 1101 1444 1155 phaenomena

61 1180 258 1236 proferat
289 1184 333 1219 et
362 1178 457 1218 sine
487 1178 565 1228 iis,
597 1192 619 1217 a
648 1179 806 1234 quibus
839 1179 966 1219 simul
998 1178 1167 1219 diversa
1203 1185 1292 1231 est,
1323 1179 1442 1232 cogi-

64 1259 151 1298 tari
191 1262 402 1314 nequeat,
452 1255 635 1297 mundus
656 1262 739 1300 est.
797 1257 921 1298 Deus
962 1271 1012 1297 ex
1054 1256 1444 1298 Schleiermacheri

62 1336 280 1376 sententia
323 1335 470 1376 mnndi
513 1335 687 1386 unioni,
740 1350 792 1375 ex
832 1350 915 1391 qua
965 1335 1104 1376 omnia
1144 1335 1442 1391 phaenomena

57 1405 397 1469 proficiscuntur
440 1413 723 1470 prosectaque
771 1414 815 1454 in
867 1428 960 1455 eam
1014 1418 1315 1465 revertuntur,
1355 1427 1440 1453 non

62 1506 143 1547 par
182 1491 408 1533 habendus
443 1497 526 1534 est.
573 1490 704 1546 .Quid
736 1506 837 1533 vero
875 1495 943 1532 est
977 1491 1248 1544 absolutum,
1288 1497 1364 1531 aut
1401 1491 1443 1531 si

60 1571 168 1612 haec
207 1570 408 1626 quaestio
452 1584 658 1626 perversa
698 1575 788 1623 est,
837 1585 962 1626 quam
1001 1569 1210 1611 habemus
1252 1583 1442 1622 causam,

62 1663 148 1704 qua
175 1648 266 1689 nixi
297 1648 545 1689 absolutum
577 1662 673 1689 esse
696 1643 971 1689 statuamus?

173 1769 251 1814 Ad
269 1785 442 1812 causam
463 1771 762 1826 rationemque
793 1769 1106 1827 explicandam,
1138 1785 1221 1826 qua
1252 1771 1442 1811 necessi-

62 1852 152 1889 tate
184 1848 367 1904 quadam
389 1849 442 1889 ad
473 1849 544 1890 dei
563 1849 837 1890 existentiam
864 1849 1136 1889 statuendam
1160 1849 1442 1904 impellimur,

60 1927 362 1969 revertendum
404 1927 529 1968 nobis
573 1927 626 1967 ad
675 1927 884 1967 scientiae
933 1927 1260 1982 voluntatisque
1299 1927 1438 1967 ideam

61 2008 146 2048 est.
204 2003 424 2047 Scientiae
455 2005 575 2046 notio
607 2004 907 2060 duplicitatem
941 2004 983 2044 in
1018 2019 1064 2044 se
1096 2005 1310 2045 continuit
1350 2019 1440 2046 mo-

61 2087 329 2135 mentorum,
361 2098 544 2139 quorum
577 2083 620 2123 id
656 2083 963 2136 gravissimum
996 2082 1325 2123 hichabendnm
1358 2087 1440 2136 est,

64 2174 148 2216 quo
189 2161 414 2202 scientiam
459 2162 589 2203 rebus
633 2162 824 2202 externis
864 2162 1128 2218 respondere
1170 2176 1351 2217 cumque
1382 2162 1439 2202 iis

63 2239 293 2280 convenire
324 2255 498 2281 necesse
528 2247 638 2283 erat.
700 2239 788 2294 Qui
821 2239 914 2280 ficri
947 2246 1114 2295 potest,
1150 2246 1198 2280 ut
1228 2240 1438 2292 cogitatio

62 2331 156 2357 cum
199 2317 332 2358 rebus
373 2318 564 2359 externis
606 2314 887 2359 consentiat?
947 2317 1103 2358 Nonne
1151 2319 1227 2358 ilia
1276 2319 1331 2358 ab
1370 2320 1438 2359 his

63 2395 263 2436 absolute
294 2395 464 2438 diversa
487 2391 587 2437 est?
627 2395 747 2436 Fieri
779 2394 877 2435 ideo
909 2399 1067 2450 potest,
1098 2395 1238 2451 inquit
1270 2394 1438 2437 Schlei-

62 2473 364 2524 ermacherus‚
405 2473 504 2527 quia
546 2472 772 2512 verissima
806 2472 973 2512 ratione
1004 2473 1213 2525 cogitatio
1243 2474 1438 2514 existen-

63 2550 125 2591 tia
164 2556 208 2591 et
243 2549 473 2590 existentia
511 2550 719 2601 cogitatio
759 2555 842 2592 est.
901 2550 1020 2590 Haec
1059 2558 1202 2591 autem
1236 2551 1435 2594 absoluta

63 2627 293 2683 utriusque
333 2628 476 2669 unitas
526 2626 632 2669 deus
671 2635 754 2672 est.
813 2629 1028 2683 Quocirca
1068 2629 1435 2673 Schleiermache-
