1639 2946
713 166 892 240 υἱῲ-ᾔ

66 334 130 375 tio
153 333 396 373 certissime
427 336 594 384 exstat,
632 332 672 373 si
695 332 901 385 cogitatio
925 332 979 373 ab
999 346 1046 373 ea
1069 332 1287 374 functione
1310 331 1440 372 intel-

66 410 245 450 lectuali
267 423 402 465 eaque
426 411 627 463 organica
649 411 878 467 processit,
910 426 1018 467 qnae
1043 413 1241 453 omnibns
1261 411 1441 469 propria

56 494 146 528 'nec
167 488 330 541 singuli
362 490 488 530 unius
516 496 598 532 est.
661 490 838 531 indoles
860 491 972 531 enim
994 491 1230 532 functionis
1251 496 1295 532 et
1313 491 1443 533 intel*-

68 566 272 607 lectualis
295 573 336 607 et
360 568 592 620 organicae
614 568 652 607 in
677 568 875 609 omnibus
900 583 945 610 re
966 583 1064 609 vera
1088 568 1237 609 eadem
1262 575 1329 610 est
1351 569 1414 625 ξιξ).

183 644 260 687 Sin
282 652 423 687 autem
452 653 634 702 utraque
657 648 817 688 functio
840 648 1016 704 proprie
1039 654 1080 688 et
1106 662 1181 688 sua
1205 650 1379 689 notione
1399 648 1445 690 in

73 725 274 767 omnibus
313 725 459 766 eadcin
491 730 581 777 est,
621 728 841 782 sequitur,
882 732 927 767 ut
966 727 1008 767 in
1031 727 1179 777 locum
1208 726 1448 768 functionis

76 805 303 857 organicae
323 804 465 856 unius,
499 804 704 844 substitui
728 805 868 860 possit
889 805 1016 850 alius,
1050 810 1204 845 etcum
1228 806 1448 847 functione

73 881 168 938 ejus
199 882 488 924 intellectuali
511 883 551 923 in
575 897 701 924 unum
732 884 872 933 coire,
904 883 1139 939 itidemque
1161 889 1208 925 ut
1237 884 1279 924 in
1306 886 1449 926 locum

73 962 309 1003 functionis
334 963 645 1003 intellectualis
675 963 824 1014 unius,
856 963 1063 1002 substitui
1086 963 1225 1018 possit
1247 963 1379 1015 alius,
1408 969 1453 1004 et

77 1056 171 1082 cum
193 1043 409 1082 functione
433 1042 528 1099 ejus
554 1043 755 1093 organica
780 1056 825 1080 se
845 1040 1107 1097 conjungere
1123 1041 1218 1095 Μ).
1266 1041 1330 1082 Ut
1350 1041 1452 1082 aliis

77 1128 250 1161 utamur
270 1120 438 1168 verbis,
469 1119 511 1157 iu
544 1118 729 1158 scientia
758 1132 911 1157 sensus
943 1118 1129 1158 omnium
1160 1118 1213 1158 ad
1248 1119 1453 1160 uniuscu-

70 1198 232 1257 jusque
257 1199 464 1238 rationem
489 1197 765 1251 omniumque
784 1196 897 1236 ratio
917 1195 968 1235 ad
993 1196 1335 1254 uniuscujusque
1354 1211 1452 1237 sen-

76 1293 151 1320 sus
173 1277 403 1333 pertinent,
426 1289 639 1330 unamque
662 1279 703 1315 et
725 1273 902 1314 eandem
925 1274 1094 1314 efficere
1114 1280 1299 1330 possunt
1312 1275 1454 1316 scieu-

78 1357 202 1397 tiam.
262 1355 334 1395 Sic
355 1354 450 1394 lieri
471 1358 631 1409 potest,
663 1367 878 1408 saepeque
898 1352 970 1402 fit,
1000 1358 1071 1405 ut,
1103 1352 1217 1408 quod
1240 1353 1292 1392 ab
1313 1354 1453 1394 altero

79 1414 281 1477 sensibus
304 1439 552 1490 perceptum
581 1435 671 1483 est,
711 1430 753 1470 id
784 1430 836 1469 ah
866 1431 1004 1470 altero
1037 1431 1205 1471 ratione
1236 1431 1457 1485 intelliga-

81 1519 168 1565 tur,
200 1517 242 1553 et
271 1510 385 1567 quod
418 1510 471 1550 ab
502 1510 641 1549 altero
671 1509 944 1549 verissimum
976 1510 1192 1562 cognitum
1216 1515 1306 1562 est,
1337 1511 1382 1551 id
1403 1512 1456 1552 ab

542 1586 624 1599 -w-w-›cr

82 1593 221 1632 altero
251 1589 520 1646 percipiatur
543 1589 661 1641 Μ’).
734 1586 878 1641 Quum
909 1587 1043 1639 igitur
1071 1588 1185 1628 ratio
1215 1603 1458 1646 sensusque

83 1669 271 1710 omnium
302 1665 430 1706 iidem
464 1667 578 1716 sint,
618 1666 837 1720 sequitur,
877 1671 922 1706 ut
950 1668 1234 1723 communitas
1263 1676 1304 1709 et
1325 1684 1458 1725 expe-

84 1747 270 1788 rientiae
299 1751 340 1784 et
369 1743 683 1800 principiorum
721 1758 743 1784 e
772 1743 942 1784 ratione
980 1746 1312 1801 repetendorum
1344 1749 1460 1790 inter

86 1840 234 1868 omnes
262 1828 418 1864 exstet.

201 1902 391 1959 Secljam
414 1901 705 1957 [praerenrlnm
736 1906 825 1953 est,
858 1917 955 1943 num
975 1908 1183 1960 utraque,
1215 1906 1266 1946 (le
1288 1921 1368 1963 qua
1395 1907 1460 1948 di-

90 1984 382 2039 sputavimus,
412 1980 693 2033 substitutio,
724 1981 855 2021 certis
876 1983 1172 2023 tantummodo
1195 1984 1376 2038 finibus,
1407 2000 1461 2027 an

88 2063 257 2104 infinite
277 2061 472 2102 exerceri
499 2067 542 2101 et
566 2061 623 2100 ita
654 2059 824 2116 quidem
848 2062 1039 2102 exerceri
1062 2068 1211 2117 queat,
1250 2068 1296 2104 ut
1324 2064 1463 2105 scien-

92 2141 180 2181 tiae
204 2139 321 2181 notio
345 2152 424 2179 non
446 2138 643 2180 tollatur.
703 2137 846 2179 Certis
868 2152 919 2178 ex
943 2138 1333 2181 Schleiermacheri
1365 2156 1464 2184 sen-

93 2218 228 2260 tentia
252 2216 507 2257 includenda
536 2221 604 2257 est
631 2217 812 2267 finibus,
854 2231 982 2271 quum
1009 2218 1308 2274 unusquisqne
1338 2233 1464 2275 prae-

95 2301 164 2336 ter
192 2309 264 2346 ea,
295 2308 405 2349 quae
431 2308 524 2333 cum
548 2293 745 2334 omnibus
779 2293 907 2333 hahet
935 2295 1200 2348 communia,
1230 2296 1335 2339 talia
1361 2311 1466 2353 quo·-

154 2452 192 2501 ‘)
225 2449 291 2491 Cf.
319 2450 356 2503 ξ.
382 2457 476 2491 122.

156 2520 212 2572 **)
242 2518 308 2559 Cf.
332 2520 368 2570 ς’.
395 2525 484 2558 120.

157 2589 235 2638 *Ἵ
265 2584 331 2629 Cf.
363 2586 405 2638 ξ.
440 2592 529 2626 121.
