1639 2946
716 193 798 245 ll

61 366 183 404 extra
207 375 298 403 eam
319 360 490 416 positae
516 360 680 412 inerat,
713 361 756 402 in
783 357 1089 401 conscientiam
1123 355 1263 397 nostri
1290 355 1350 396 ita
1371 358 1441 396 est

59 438 299 490 translata,
330 442 378 479 ut
406 438 475 478 hic
504 437 652 479 eadem
677 438 846 478 oriatur
869 435 1133 485 difficultas,
1163 447 1287 489 quam
1312 436 1440 474 antea

58 518 112 559 ha
148 516 304 558 uimus.
365 514 453 570 Qui
472 515 643 556 tandem
666 514 760 555 fieri
782 518 950 570 potest,
975 511 1065 569 jam
1088 509 1440 563 interrogandum

58 603 140 649 est,
171 601 220 638 ut
241 611 312 638 res
335 596 417 637 sibi
440 596 664 652 oppositae
684 602 726 636 et
746 609 797 636 ex
823 608 899 635 sua
923 598 1077 633 natura
1099 589 1296 631 diversae
1318 589 1441 629 unio-

56 689 110 717 ne
140 676 361 731 primitiva
393 669 654 716 teneantur?
703 674 770 715 At
808 686 885 713 sua
927 675 1082 711 natura
1124 681 1207 709 non
1242 666 1440 706 diversas

57 769 155 796 esse
179 754 612 797 Schleiermacherus
634 751 875 793 contendat.
933 749 1184 790 Discrimen
1217 747 1330 787 inter
1351 744 1440 784 ide-

55 834 126 874 ale
145 838 189 875 et
217 834 358 885 reale,
384 833 689 887 cogitationem
712 837 753 872 et
773 830 1069 879 existentiam,
1107 823 1439 883 quantitativum

56 925 153 952 esse
173 911 430 954 invenimus,
492 911 571 952 Sin
591 916 731 951 autem
755 907 1090 964 quantitativum
1112 910 1192 956 est,
1212 904 1442 957 utriusque

56 989 204 1030 unitas
232 994 401 1031 tantum
430 989 577 1041 abest,
618 994 665 1029 ut
694 989 865 1028 sublata
902 986 985 1035 sit,
1024 990 1071 1025 ut
1099 998 1170 1024 res
1203 983 1324 1038 ipsas
1352 978 1440 1022 sibi

57 1067 285 1123 oppositas
324 1066 476 1107 fulciat
520 1079 755 1120 earumque
792 1064 851 1104 sit
889 1062 1227 1103 fundamentum.
1297 1059 1442 1114 Atqui

55 1144 137 1185 tali
165 1143 290 1185 modo
318 1158 417 1184 num
449 1158 549 1184 vere
579 1142 816 1182 difficultas
857 1146 1064 1197 superata
1101 1140 1185 1191 sit,
1227 1139 1314 1178 alio
1343 1138 1439 1178 loco

53 1221 391 1279 perquirendum
413 1227 497 1264 est.
557 1221 653 1261 Hoc
674 1235 800 1260 uuum
822 1218 1142 1268 admonuerim,
1174 1232 1195 1256 a
1219 1216 1439 1257 Schleier-

54 1300 254 1341 machero
285 1299 517 1340 discrimen
550 1298 659 1339 illud
692 1296 1030 1352 quantitativum
1060 1295 1127 1336 hic
1166 1310 1248 1335 non
1284 1294 1442 1335 summi

55 1378 248 1419 habitum
274 1391 370 1418 esse
398 1376 626 1427 momenti,
657 1376 742 1416 imo
762 1375 845 1416 vim
876 1389 1068 1429 omnem,
1101 1373 1214 1429 quod
1235 1374 1350 1414 infra
1370 1387 1441 1413 ac-

54 1456 252 1497 curatius
285 1454 556 1505 videbimus,
595 1453 638 1494 in
671 1452 741 1493 dei
777 1453 953 1494 notione
983 1451 1171 1508 positam
1203 1465 1324 1505 esse,
1355 1464 1441 1506 qua

54 1539 147 1577 tota
181 1533 262 1574 illa
297 1531 534 1573 difficultas
571 1534 870 1583 removeaturg

167 1679 401 1734 cogitandi
424 1677 875 1734 actionen'fdaplicem
900 1678 941 1718 in
962 1692 1007 1718 se
1020 1676 1239 1717 continere
1256 1675 1440 1716 functio-

55 1774 152 1801 nem
189 1759 403 1811 vidimus,
462 1774 644 1815 quarum
689 1759 872 1798 alteram
914 1755 1313 1797 Schleiermachero
1358 1768 1436 1795 au-

55 1843 174 1878 ctore
205 1838 475 1890 organicam,
513 1838 695 1877 alteram
731 1835 1069 1875 intellectualem
1101 1831 1442 1885 designavimus.

54 1915 127 1958 De
163 1915 346 1971 quibus,
385 1915 487 1971 quid
518 1915 777 1970 disputarit,
823 1914 1068 1954 accuratius
1101 1913 1190 1970 jam
1221 1913 1443 1968 inquiren-

55 1993 156 2035 dum
183 1999 266 2037 est.
323 1992 388 2034 Ex
417 2007 465 2033 eo
494 1998 728 2043 momento,
775 2005 858 2046 quo
894 1991 1112 2044 cogitandi
1141 1991 1252 2032 actio
1280 1990 1445 2031 functio

58 2075 259 2128 organica
290 2079 378 2125 est,
412 2087 484 2114 rcs
516 2078 717 2113 externas
746 2071 789 2112 in
818 2086 866 2112 se
887 2071 1060 2128 recipit.
1118 2069 1240 2125 Quae
1268 2068 1442 2126 quidem

58 2153 280 2208 susceptio
310 2159 522 2193 momento
556 2151 685 2192 citius
723 2151 959 2207 praeterit,
992 2165 1194 2205 meraque
1234 2149 1328 2190 sine
1354 2149 1444 2189 ulla

57 2230 323 2273 conscientia
352 2230 416 2270 rei
446 2236 675 2285 perceptae
708 2244 907 2270 sensuum
931 2228 1101 2268 affectio
1124 2234 1213 2283 est,
1245 2227 1331 2268 nisi
1350 2242 1442 2269 cum

59 2308 260 2363 organica
296 2322 342 2348 se
370 2306 632 2347 consociarit
667 2306 829 2346 functio
866 2305 1192 2346 intellectualis.
1260 2304 1445 2346 Functio

60 2387 286 2441 organica,
334 2386 426 2426 sola
463 2400 539 2441 per
580 2400 626 2425 se
660 2385 903 2435 intellecta,
943 2385 1052 2425 nihil
1084 2384 1201 2425 aliud
1230 2389 1317 2434 est,
1359 2382 1446 2423 nisi

60 2479 177 2507 mera
203 2464 422 2517 cogitandi
456 2464 748 2520 possibilitas.
809 2467 854 2504 Iu
878 2478 928 2504 co
957 2470 1073 2505 statu
1106 2470 1332 2504 versantur
1350 2464 1444 2504 ani-

59 2543 190 2584 mulia
221 2547 263 2583 et
293 2543 418 2583 homo
459 2542 633 2594 infans,
672 2556 801 2597 quum
831 2542 1140 2582 conscientiam
1160 2541 1229 2582 sui
1256 2541 1444 2582 nondum

60 2620 245 2680 adeptus
274 2627 355 2665 est.
415 2620 511 2677 Qua
537 2620 708 2678 quidem
740 2622 960 2663 [unctione
987 2620 1172 2663 nondum
1202 2619 1446 2678 percipiun-
