1639 2946
741 170 912 245 21?-

93 335 253 380 ctionis
279 335 591 378 intellectualis
619 343 686 378 est
706 352 854 379 rerum
884 337 1032 393 passio
1050 369 1062 389 ,
1095 350 1330 394 rerumque
1353 337 1467 380 actio

85 420 161 467 „est
181 415 328 472 passio
349 415 589 457 functionis
616 416 950 459 intellectualis.
1012 415 1310 474 Unaquaeque
1325 421 1468 458 autem

93 493 230 545 actio,
261 507 392 548 quum
425 493 556 534 simul
587 493 646 534 sit
677 493 827 549 passio
860 497 903 533 et
929 480 1216 550 unailuaeque
1240 495 1387 550 passio
1409 495 1469 536 si-

92 572 184 614 mul
210 572 347 625 actio,
384 570 616 613 discrimen
646 571 764 612 inter
790 571 1003 613 actionem
1036 577 1080 613 et
1110 573 1360 628 passionem
1400 569 1491 614 est'

50 692 61 699 „
93 650 446 708 quantitativum,
466 649 517 691 de
538 665 620 707 quo
644 665 741 692 mox
766 651 1012 692 accuratius
1032 650 1353 707 disputabimus
1367 654 1430 706 5ss).

205 729 390 771 Functio
411 730 546 784 igitur
567 730 904 782 intellectualis,
935 731 1192 786 priusquam
1223 736 1351 785 agat,
1384 745 1468 772 non

92 812 177 852 est.
234 810 393 863 Agens
412 814 580 861 autem,
611 813 653 850 et
684 810 820 866 prima
836 808 926 866 jam
959 809 1158 860 actione,
1188 814 1279 860 est,
1311 814 1353 849 et
1373 808 1469 864 qui-

93 885 188 928 dem
220 887 290 928 sui
326 887 468 943 ipsius
498 888 692 939 conscia,
733 893 777 929 et
804 887 1068 928 conscientia
1091 902 1162 929 res
1191 902 1212 928 a
1237 902 1284 928 se
1313 886 1469 927 distin-

93 979 248 1020 guens.
307 963 541 1007 Indefinita
558 997 569 1017 ,
601 980 726 1021 quam
751 966 874 1006 initio
897 965 1182 1020 habebamus,
1204 965 1350 1006 mundi
1374 964 1470 1005 uni-

91 1046 162 1085 tas
192 1056 215 1084 e
248 1041 450 1098 partibus
482 1042 727 1097 potissimis
750 1041 841 1098 jam
878 1047 944 1082 est
973 1041 1176 1093 definita,
1216 1042 1275 1082 ita
1299 1043 1472 1084 1111011-

94 1135 179 1177 qua
221 1118 362 1161 omnia
397 1117 486 1176 jam
524 1119 698 1175 possint
732 1118 1031 1162 determinari.
1093 1119 1154 1160 Ea
1195 1120 1471 1176 oppositione

92 1197 220 1251 data,
253 1196 571 1254 oppositionem
594 1195 688 1237 dico
721 1197 836 1238 inter
859 1212 929 1240 res
949 1203 991 1238 et
1010 1198 1272 1238 functionem
1296 1198 1472 1240 intelle-

93 1277 309 1328 ctualem,
338 1273 555 1333 objectum
584 1280 628 1316 et
651 1274 915 1333 subjectum,
945 1276 1143 1332 reliquae
1167 1290 1315 1317 omnes
1337 1290 1472 1333 oppo-

92 1356 302 1407 sitiones,
341 1367 450 1409 quae
489 1367 538 1393 ex
568 1356 755 1408 utraque
792 1368 940 1395 earum
978 1355 1169 1410 partium
1207 1354 1468 1411 repetendae

92 1439 218 1486 sunt,
255 1447 278 1474 e
299 1431 494 1489 potentia
535 1436 636 1472 sunt
666 1432 809 1474 datae.
869 1431 934 1472 Ex
955 1432 1034 1472 hac
1057 1433 1332 1489 oppositione
1354 1447 1472 1474 sum-

92 1527 159 1554 ma
201 1510 257 1553 ad
291 1510 525 1552 inferiores
565 1509 658 1568 jam
696 1509 1041 1552 descendendum
1095 1517 1137 1552 et
1165 1511 1472 1568 opponendum

92 1596 184 1644 est,
215 1587 423 1646 quamdiu
455 1592 648 1641 exstant,
689 1603 798 1644 quae
832 1589 992 1645 opponi
1015 1589 1203 1645 possint.

204 1666 424 1709 Deductio
455 1682 583 1723 quum
614 1682 635 1707 a
657 1667 959 1722 superioribus
989 1682 1161 1724 semper
1186 1666 1239 1708 ad
1262 1668 1472 1711 inferiora

93 1746 349 1798 descendat,
379 1745 605 1786 verissima
629 1759 676 1785 ac
693 1744 1010 1800 perfectissima
1033 1745 1201 1786 ratione
1223 1746 1317 1786 sine
1340 1746 1473 1786 indu-

93 1826 248 1878 ctione,
263 1839 344 1881 qua
359 1824 587 1881 superiora
604 1837 653 1863 ex
674 1823 958 1863 inferioribus
980 1823 1474 1878 inveniuntur,cogitari

92 1904 260 1960 nequit.
320 1901 636 1954 Deductionem
670 1901 806 1955 igitur
837 1901 1167 1955 antegrediatur
1197 1916 1376 1943 necesse
1405 1906 1474 1944 est

93 1981 312 2033 inductio,
345 1995 427 2036 qua
462 1980 606 2020 unitas
635 1979 856 2020 invenitur
884 1994 965 2020 non
996 1979 1216 2020 abstracta
1247 1981 1322 2020 iila
1356 1987 1398 2022 et
1429 1981 1473 2021 in

95 2075 140 2102 se
178 2073 335 2110 vacua,
385 2057 462 2098 sed
498 2065 696 2099 concreta
734 2063 777 2099 et
808 2064 1118 2099 momentorum
1148 2060 1319 2114 copiam
1353 2059 1393 2099 in
1425 2073 1474 2100 sc

94 2139 386 2194 complectens
406 2136 496 2190 aaz).
554 2136 621 2178 At
650 2150 789 2176 nonne
818 2136 876 2176 ita
901 2135 1100 2176 deductio
1125 2137 1297 2178 omnino
1320 2152 1474 2193 super-

94 2217 180 2257 flua
201 2220 244 2256 et
273 2228 588 2270 supervacanea
609 2228 707 2255 esse
737 2209 938 2256 videtur?
997 2213 1212 2255 Unionem
1235 2214 1375 2272 sijam
1398 2215 1473 2255 ha-

94 2293 171 2336 bes
196 2293 239 2335 111
264 2307 310 2334 se
338 2296 607 2344 concretam,
657 2291 759 2347 quid
790 2296 858 2332 est
885 2306 961 2332 cur
990 2299 1140 2348 partes
1171 2301 1471 2349 momentaque

157 2520 195 2572 *)
226 2515 294 2558 Cf.
325 2530 369 2572 p.
401 2521 480 2556 236
513 2520 556 2555 et
575 2528 617 2570 p.
652 2521 743 2555 237.

155 2597 211 2647 **)
244 2593 308 2637 Cf.
340 2594 376 2647 ς.
405 2600 496 2635 282.
529 2593 668 2647 ἕλω,
701 2592 734 2645 ς’.
756 2600 847 2633 με.
