1639 2946
610 190 873 284 Α*
1187 236 1203 250 .

50 374 164 417 enim
186 374 359 417 nonnisi
378 373 433 417 ad
454 379 617 418 certum
637 375 851 432 quoddam
875 375 1073 430 taleque,
1103 373 1219 430 quod
1239 388 1428 429 momen-

50 457 194 495 torum
214 452 259 494 in
280 467 327 495 se
349 454 618 495 reconditum
647 453 806 494 haheat
834 454 1087 495 varietatem
1102 483 1114 504 ‚
1142 453 1309 495 directa
1330 468 1430 496 esse

48 535 211 589 potest.
267 530 449 573 Interna
480 532 641 590 objecti
670 531 1032 573 determinatione
1054 531 1251 584 sublata,
1279 532 1430 574 subla-

49 614 95 652 ta
127 614 196 651 est
221 610 428 664 cognitio,
486 610 635 664 Deus,
675 611 776 667 quia
802 610 1066 664 cognitionis
1096 623 1179 650 non
1200 609 1430 667 objectum,

49 687 128 731 sed
156 703 274 731 mera
298 689 394 747 ejus
417 689 608 731 conditio
630 690 697 730 vel
717 690 830 730 ratio
860 694 952 741 est,
978 689 1139 744 optime
1159 703 1182 729 a
1204 688 1430 730 Schleier-

49 768 251 810 machere
282 768 444 810 dicitur
485 769 749 822 cognitionis
790 768 1001 809 terminus
1031 767 1430 809 transcendentalis

50 859 73 887 a
107 861 192 902 quo
224 847 301 901 ’ῆς
333 846 401 887 cui
434 847 617 903 opponit
650 847 871 899 mundum,
902 861 1027 903 quem
1059 846 1165 887 dicit
1195 846 1430 888 terminum

48 939 146 967 esse
184 925 450 980 cognitionis
492 925 913 967 transcendentalem
954 925 1008 965 ad
1053 940 1179 981 quem
1218 924 1308 979 Μζ).
1365 926 1433 966 Ex

47 1001 234 1056 mundo,
264 1004 453 1044 omnium
485 1002 893 1045 determinationum
923 1004 1173 1060 complexu,
1203 1004 1431 1045 materiam

46 1082 134 1124 sibi
155 1080 380 1135 cogitatio,
411 1081 585 1136 quaein
611 1095 656 1121 se
677 1081 771 1136 ipsa
796 1095 926 1121 vacua
949 1087 1032 1134 est,
1053 1081 1201 1125 sumit.
1260 1081 1431 1123 Trans-

47 1159 341 1201 scendentalis
383 1158 481 1199 ideo
523 1158 683 1200 dicitur
722 1160 930 1212 mundus,
971 1161 1102 1215 quia,
1139 1161 1315 1203 tametsi
1355 1161 1431 1202 ob-

40 1237 228 1296 jectum,
259 1237 524 1291 cognitionis
555 1237 792 1294 potentiam
827 1239 963 1279 simul
994 1238 1179 1282 excedit.
1240 1238 1430 1283 Mundus

44 1316 161 1358 enim
182 1330 265 1358 non
281 1320 400 1358 totus
420 1316 707 1372 omnibusque
723 1317 916 1357 numeris
936 1317 1138 1370 cognosci
1151 1316 1432 1374 potestssssss).

46 1394 189 1451 Cujus
228 1394 295 1435 rei
335 1408 466 1434 causa
518 1393 619 1434 inde
668 1393 908 1451 repetenda
947 1399 1042 1446 est,
1083 1394 1198 1450 qnod
1237 1396 1430 1449 cognitio

45 1472 224 1514 nonnisi
253 1471 308 1513 ad
346 1487 421 1513 eas
453 1471 602 1531 mnndi
634 1478 784 1529 partes
823 1486 871 1513 se
900 1473 1061 1525 refert,
1103 1487 1213 1528 quae
1244 1474 1430 1515 functio-

45 1565 99 1592 ne
130 1551 361 1606 organica,
402 1551 497 1592 sine
531 1565 612 1606 qua
656 1551 777 1591 nulia
811 1551 1022 1604 cogitatio
1054 1551 1276 1606 igiturque
1307 1553 1430 1593 nulia

44 1630 239 1685 cognitio
279 1630 472 1671 existere
512 1635 683 1685 potest,
724 1630 884 1683 attingi
914 1636 1116 1686 possunt.
1177 1629 1247 1672 Ne
1280 1645 1428 1672 omnes

46 1708 221 1766 quidem
252 1722 324 1749 res
363 1711 600 1747 terrestres
632 1707 675 1747 in
716 1706 935 1748 hominum
969 1722 1125 1749 sensus
1156 1708 1430 1763 perveniunt,

45 1786 203 1829 nedum
232 1784 576 1827 innumerabiles
608 1783 780 1834 mundi,
820 1784 894 1839 qni
933 1790 1054 1825 extra
1090 1789 1252 1826 terram
1285 1787 1430 1828 consi-

46 1870 185 1908 stunt.
243 1864 312 1906 De
354 1863 641 1918 complurium
682 1876 910 1918 corporum
950 1864 1204 1904 coelestium
1249 1871 1429 1905 externa

47 1944 103 1986 ad
132 1949 294 1986 terram
326 1944 541 1984 relatione
565 1942 771 1982 nonnulla
803 1941 907 1982 sciri
937 1948 1146 1997 possunt,
1179 1943 1322 1997 qualis
1352 1957 1428 1984 au-

46 2030 132 2065 tem
163 2028 372 2073 naturae,
413 2021 644 2076 qualisque
675 2019 838 2060 indolis
871 2018 987 2070 sint,
1017 2020 1138 2060 nuile
1171 2019 1296 2061 modo
1326 2034 1428 2076 per-

46 2102 160 2160 spici
187 2106 350 2159 potest.

161 2179 250 2222 Sed
280 2179 402 2221 aliud
423 2186 490 2221 est
505 2211 517 2230 ‚
558 2178 597 2219 si
619 2177 909 2228 cognitionem
933 2175 1208 2217 transcendit
1230 2175 1430 2229 mundus,

47 2257 169 2300 aliud
200 2258 238 2300 si
284 2258 423 2301 Deus.
483 2257 672 2297 Mundus
712 2257 823 2296 enim
857 2256 902 2296 id
931 2261 999 2297 est
1029 2255 1429 2308 transcendentale,

45 2337 117 2379 cui
147 2335 443 2391 cognoscendo
477 2334 615 2385 inagis
644 2333 868 2388 magisque
901 2346 979 2372 nos
1011 2333 1428 2389 appropinquamus,

103 2485 140 2536 *)
173 2482 241 2525 Cf.
262 2483 296 2537 ξ.
328 2491 422 2524 222.

104 2564 159 2613 *⁴)
192 2559 259 2603 Cf.
281 2560 348 2603 lb.
451 2600 462 2606 .

102 2639 178 2692 ***)
200 2637 267 2682 Cf.
300 2639 333 2693 ξ.
366 2646 458 2680 221.
492 2647 529 2681 2.
