1639 2946
781 233 877 290 52

145 406 358 458 efficitur,
394 405 500 448 talis
529 404 764 447 multitudo
791 409 909 450 sunt.
968 402 1136 448 Sensus
1158 415 1364 446 sensuum
1384 407 1528 461 syste-

145 499 212 526 ma
235 490 328 537 est,
358 499 404 526 se
433 484 616 527 invicem
638 484 955 541 supplentium.
1013 483 1091 526 Ab
1117 497 1168 525 ea
1188 497 1361 539 quoque
1383 481 1529 525 deter-

144 563 381 604 minatione
401 577 557 605 sensus
579 564 775 604 internus
798 563 1020 616 abhorret,
1052 577 1181 619 quum
1201 566 1292 604 tota
1314 562 1373 605 sit
1392 575 1534 618 mens,

145 657 405 699 quamquam
429 643 676 684 immediata
700 643 870 684 ratione
890 643 944 683 ad
966 657 1011 685 se
1040 643 1180 700 ipsam
1210 643 1367 688 relata.

258 721 441 765 Sensum
479 723 697 764 internum
733 722 1014 776 cogitationis
1043 722 1370 778 voluntatisque
1404 721 1543 775 unio-h

144 813 239 841 nem
264 800 450 843 diximus
479 802 741 855 negativam.
813 800 986 856 Quibus
1016 801 1164 843 verbis
1193 802 1313 843 nulla
1346 799 1432 842 alia
1461 804 1532 842 est:

140 892 350 934 expressa
398 880 639 934 sententia,
691 880 779 921 nisi
811 895 887 931 ea,
935 894 1018 936 qua
1064 894 1218 921 sensus
1262 880 1339 920 ille
1375 882 1531 920 neuter

143 970 292 997 earum
330 958 558 1001 statuitur.
636 957 723 1000 Sed
763 959 1009 999 accuratius
1049 958 1138 1016 jam
1177 957 1407 1000 videndum
1446 961 1530 1008 est,

143 1039 288 1076 utrum
328 1034 760 1078 Schleiermacherus
807 1037 1006 1078 unionem
1048 1037 1177 1078 istam
1217 1037 1349 1078 talem
1387 1035 1521 1077 intel-

143 1114 330 1167 lexerit,
381 1130 507 1171 quam
544 1116 682 1172 ipsam
721 1121 763 1157 et
794 1116 1003 1170 cogitatio
1044 1120 1088 1156 et
1120 1116 1324 1158 voluntas
1355 1120 1399 1156 et
1433 1114 1531 1170 qui-

148 1192 245 1234 dem
276 1200 462 1250 utraque
485 1194 575 1250 jam
598 1194 885 1236 determinata
912 1178 1266 1248 antegrediatur,
1309 1208 1362 1234 an
1384 1193 1533 1245 talem,

147 1287 274 1328 quam
304 1277 490 1329 utraque
520 1280 730 1329 sequatur
752 1274 842 1315 sive
869 1287 919 1313 ex
941 1288 1022 1329 qua
1045 1257 1364 1329 proficiscatur.
1424 1271 1532 1314 Cer-

145 1351 333 1392 tissimis
354 1351 782 1392 Schleiermacherus
806 1351 952 1392 verbis
983 1366 1111 1408 quum
1134 1350 1311 1402 doceat,
1353 1363 1531 1391 sensum

146 1429 363 1471 internum
393 1428 685 1470 immediatam
717 1430 887 1470 etiamsi
914 1430 1140 1471 relativam
1161 1428 1440 1483 cogitationis
1458 1442 1532 1470 vo-

145 1507 419 1564 luntatisque
441 1508 639 1549 unionem
669 1522 791 1561 esse,
830 1508 883 1548 ab
904 1509 1020 1549 omni
1043 1508 1317 1549 dubitatione
1352 1506 1533 1548 liberati

146 1601 313 1629 snmus.
371 1587 615 1628 Relativam
642 1592 784 1627 autem
817 1587 914 1627 ideo
937 1586 1066 1639 dicit,
1106 1587 1206 1642 qnia
1229 1586 1282 1626 ab
1307 1586 1446 1627 altera
1477 1585 1532 1627 ad

147 1665 328 1705 alteram
363 1680 534 1721 semper
577 1666 832 1708 transimus·
899 1664 1030 1707 Modo
1066 1666 1204 1706 altera
1242 1665 1365 1722 prior
1391 1669 1458 1706 est
1487 1668 1533 1706 et

147 1743 285 1783 altera
310 1744 554 1799 posterior,
594 1744 718 1785 modo
741 1745 832 1785 vice
861 1758 981 1785 versa
1014 1746 1117 1785 haec
1146 1744 1267 1785 iilam
1291 1743 1531 1802 praecedit.

148 1821 312 1862 Sensus
339 1828 480 1863 autem
510 1822 708 1864 internus
739 1822 776 1864 si
810 1824 995 1863 alterius
1033 1823 1074 1863 in
1104 1824 1286 1864 alteram
1315 1823 1530 1865 transitus

147 1905 230 1952 est,
270 1906 455 1956 utraque
484 1916 578 1942 eum
613 1901 944 1955 antegrediatur
972 1917 1150 1943 necesse
1179 1907 1261 1945 est.
1328 1901 1531 1958 Utraque

148 1985 292 2019 autem
316 1980 353 2020 si
377 1995 470 2021 eum
505 1980 832 2034 antegreditur,
870 1995 1021 2021 revera
1053 1981 1316 2022 conscientia
1339 1995 1433 2022 eum
1454 1995 1531 2022 an-

149 2057 336 2109 tecedit,
376 2053 487 2117 qua}
510 2065 696 2115 utraque
725 2059 927 2101 efficitur.
985 2058 1088 2115 Ipse
1117 2060 1252 2113 igitur
1281 2074 1435 2101 sensus
1463 2060 1530 2100 in-

148 2140 302 2176 ternus
326 2138 615 2179 conscientiae
642 2143 710 2179 est
737 2138 909 2191 negatio
933 2138 974 2178 in
998 2145 1181 2194 utraque
1206 2139 1355 2179 harum
1385 2137 1529 2179 deter-

149 2214 457 2270 minationum,
497 2216 588 2259 sive
618 2217 911 2258 conscientiae
940 2215 1108 2257 reditus
1135 2221 1203 2257 est
1232 2217 1274 2257 in
1304 2216 1529 2258 immedia-

147 2295 237 2332 tam
274 2293 581 2335 conscientiam
623 2294 779 2336 nostri.
869 2294 953 2334 Vis
993 2308 1156 2335 summa
1197 2295 1240 2335 in
1288 2295 1528 2337 immediati

151 2370 284 2412 verbo
316 2376 381 2412 est
413 2372 627 2426 ponenda.
688 2372 935 2413 Verissime
961 2374 1072 2412 enim
1097 2373 1359 2414 conscientia
1389 2373 1529 2415 nostri

151 2446 357 2490 mediatio
385 2455 452 2490 est
484 2455 527 2491 et
564 2465 611 2491 ea
649 2450 819 2506 quidem
848 2451 1182 2508 perfectissima.
1250 2450 1525 2493 Conscientia

151 2525 268 2567 enim
294 2529 432 2569 nostri
460 2543 507 2569 ea
539 2528 653 2570 actio
682 2536 764 2581 est,
805 2544 953 2585 quase
982 2530 1117 2585 ipsam
1147 2530 1345 2586 proferat
1375 2532 1527 2572 simul-

152 2618 235 2661 que
254 2618 301 2646 se
326 2603 380 2645 ab
401 2605 598 2646 omnibus
625 2606 678 2646 iis
699 2606 965 2659 distinguat,
997 2620 1105 2662 quac
1126 2607 1165 2647 ei
1188 2608 1384 2664 opposita
1407 2614 1525 2651 sunt.

152 2683 432 2728 Conscientia
457 2688 618 2738 nostri,
650 2700 776 2741 quum
801 2685 939 2727 adhuc
959 2686 1220 2727 conscientia
1241 2687 1324 2740 sit,
1351 2686 1526 2729 etiamsi
