1639 2946
661 224 756 280 52

23 393 274 437 nationibus
293 408 377 437 non
397 408 554 449 vacua,
591 400 667 438 aut
683 396 788 438 talis
811 394 1041 451 utriusque
1058 390 1257 448 negatio,
1287 402 1398 446 quae

25 477 143 514 certe
178 487 261 514 non
296 487 462 514 omnem
499 473 722 531 superavit
758 471 1082 515 conscientiam.
1153 469 1244 512 Vel
1271 469 1400 511 mini-

25 565 141 594 mum
170 552 464 594 conscientiae
487 554 716 608 vestigium
749 557 794 595 et
823 558 892 596 est
919 557 963 595 et
993 556 1137 593 manet
1158 549 1400 609 oppositio-

25 629 96 671 nis
125 629 335 681 irruentis
370 630 560 674 initium.
619 630 896 674 Conscientia
927 635 971 671 et
1000 629 1219 686 oppositio
1259 629 1401 670 notio-

25 722 105 750 nes
133 713 235 749 sunt
262 708 594 765 inseparabiles.
662 708 884 750 Absoluta
913 712 1079 749 tantum
1111 706 1400 748 conscientiae

24 786 172 843 inopia
196 787 515 843 perfectissima
547 802 717 843 quoque
746 801 770 827 a
802 787 1162 829 determinatione
1195 789 1240 828 et
1266 800 1401 843 oppo-

25 864 187 906 sitione
218 864 422 905 liberatio
462 869 531 905 est
572 879 752 920 eamque
781 865 836 906 ob
870 880 1042 906 causam
1074 864 1302 907 verissima
1331 862 1403 906 dei

24 942 70 984 in
91 941 262 984 homine
290 943 551 999 praesentia.
609 943 730 985 Haec
758 944 1046 986 conscientiae
1076 944 1404 985 determinatio·

25 1020 183 1076 nisque
210 1020 358 1078 inopia
383 1036 540 1063 sensus
570 1023 769 1064 internus
800 1027 867 1064 est
896 1037 919 1064 e
951 1037 1029 1064 sua
1059 1023 1244 1065 veritate
1273 1022 1405 1064 intel-

25 1100 182 1143 lectus.
239 1099 325 1141 Hie
357 1115 512 1142 sensus
543 1101 741 1144 internus
772 1101 827 1142 ab
857 1115 931 1154 eo,
962 1116 1086 1157 quem
1117 1101 1242 1143 modo
1272 1115 1404 1158 expo-

27 1179 220 1230 suimus,
250 1191 300 1218 eo
319 1177 488 1230 diflert,
519 1177 632 1233 quod
661 1179 924 1220 conscientia
959 1194 1056 1220 eum
1087 1194 1170 1220 non
1203 1185 1405 1234 antegre-

27 1254 171 1309 ditur,
212 1256 297 1297 imo
327 1257 473 1312 potius
505 1257 598 1313 ipse
628 1256 724 1313 ejus
755 1258 847 1299 sola
881 1263 947 1298 est
977 1259 1186 1313 potentia.

140 1334 205 1378 At
227 1335 294 1375 hic
315 1349 501 1390 quoque,
538 1335 602 1376 uti
623 1349 644 1375 a
669 1336 793 1377 nobis
814 1335 955 1377 dictus
975 1342 1057 1388 est,
1090 1351 1244 1378 sensus
1271 1336 1407 1378 inter-

28 1428 112 1456 nus
142 1428 227 1455 non
255 1413 453 1454 absoluta
489 1413 557 1454 dei
587 1414 629 1454 in
661 1414 833 1455 homine
862 1414 1111 1470 praesentia
1138 1420 1220 1457 est.
1283 1414 1408 1457 Dicit

30 1492 144 1535 enim
168 1490 593 1533 Sehleiermacherus
617 1491 686 1544 *):

142 1572 258 1619 ,βας
286 1573 385 1614 &cin
413 1574 470 1612 bet
488 1572 646 1619 Sbcecn,
687 1576 743 1612 ‹11ss
772 1574 884 1613 reinet
911 1573 1139 1623 §Principum
1179 1583 1306 1613 menon
1337 1575 1401 1613 bn&

33 1641 267 1690 ffiemusstscin
289 1642 463 1689 ‹ufflqcbts
495 1642 712 1690 ,qtcicchscsst
742 1644 808 1680 mit
834 1643 910 1681 bem
939 1641 1108 1691 §principe
1136 1642 1195 1680 δρᾷ
1222 1642 1406 1689 §monens

32 1710 74 1759 ist
94 1712 168 1749 eine
186 1710 483 1760 Stcpxwscntation
504 1712 562 1748 bes
584 1710 777 1760 5956>stan
809 1710 890 1749 abet
918 1711 1000 1756 aud)
1033 1714 1104 1749 rtut
1123 1711 1196 1749 eine
1215 1709 1409 1760 Stcptescm

32 1780 149 1818 tation
177 1779 236 1817 bes
264 1778 459 1828 Spocbstens
490 1779 581 1825 nicht
610 1780 674 1816 ba&
703 1778 847 1828 Spocbste
868 1777 1008 1827 selbsts‘

147 1851 288 1894 Causa
313 1851 410 1892 inde
432 1851 666 1908 repetenda
692 1857 774 1902 est,
806 1851 917 1906 quod
941 1851 1043 1890 haec
1066 1865 1251 1906 quoque,
1283 1864 1408 1906 quam

33 1930 172 1983 dicit,
216 1931 564 1987 repraesentatio
605 1930 658 1970 ab
698 1929 974 1986 oppositione
1023 1943 1105 1969 non
1155 1943 1286 1970 vacua
1324 1932 1409 1972 est.

35 2009 308 2065 Quamquam
355 2007 670 2065 oppositionem
712 2021 795 2047 non
837 2006 1131 2047 inhaerentem
1169 2007 1287 2058 sibi,
1337 2018 1409 2046 ve-

34 2093 274 2130 rumtamen
306 2086 364 2126 ita
401 2086 552 2136 habet,
593 2088 640 2124 ut
676 2083 728 2123 ad
761 2082 878 2123 aliud
919 2083 1012 2139 ipsa
1051 2086 1231 2138 spectet.
1287 2081 1410 2124 Haec

36 2165 149 2208 enim
183 2163 524 2221 repraesentatio
557 2177 685 2218 quum
729 2176 842 2201 mera
886 2162 1077 2201 idearum
1111 2161 1168 2201 sit
1199 2162 1410 2216 potentia,

38 2243 232 2286 idearum
272 2241 445 2283 veritati
483 2246 550 2280 est
586 2239 811 2295 opposita,
853 2239 919 2278 vel
950 2239 1067 2278 notio
1100 2252 1213 2278 mera
1243 2244 1286 2279 et
1315 2239 1409 2279 sola

40 2336 119 2364 sua
149 2319 340 2378 potentia
373 2319 565 2359 existens
596 2317 725 2357 rebus
751 2316 858 2373 ipsis
890 2315 1031 2356 obstat
1055 2315 1143 2371 Μ).

97 2480 134 2532 *)
167 2478 233 2520 Cf.
266 2492 307 2534 p.
334 2484 426 2518 1:37.
454 2476 476 2501 ᾖ

98 2558 155 2612 **)
177 2556 244 2600 Cs.
268 2571 306 2612 p.
335 2563 423 2597 1315.
457 2560 493 2595 4.
