1639 2946
722 204 810 257 51

81 382 165 412 nus
194 368 528 426 disputavimus,
587 370 727 414 Missa
765 371 902 426 igitur
940 372 1048 423 illa,
1097 370 1151 412 ad
1190 371 1326 413 solam
1364 371 1452 413 sor-

80 459 194 488 mam
231 460 313 489 nos
350 453 664 491 convertamus.
724 447 847 490 Mera
886 448 1166 503 cogitationis
1206 448 1343 490 forma
1383 464 1456 490 cu-

74 524 220 583 jusvis
249 523 460 565 materiae
489 525 664 579 negatio
695 525 764 567 vel
794 525 888 566 sola
919 524 1015 582 ejus
1035 525 1231 581 potentia
1262 524 1459 566 habenda

81 606 165 644 est.
239 601 428 645 Materia
468 603 663 658 ademta,
710 604 968 659 cogitationi
1013 603 1059 646 id
1098 603 1337 645 detractum
1378 609 1462 655 est,

83 678 199 737 quod
230 684 306 723 aut
343 696 423 723 sua
455 682 626 724 actione
656 683 826 738 profert
856 685 932 724 aut
961 681 1016 724 ad
1047 681 1162 739 quod
1191 686 1309 722 certe
1338 696 1461 722 suam

81 761 259 799 exercet
286 758 518 802 actionem.
576 758 627 801 Si
666 759 803 813 igitur
843 760 1052 814 cogitatio
1093 773 1177 801 non
1215 759 1346 800 aliter
1376 759 1463 800 nisi

79 836 127 877 in
157 835 325 878 actione
354 841 572 890 versatur,
603 836 708 878 haec
729 842 889 890 autem,
921 836 1118 878 detracto
1149 835 1336 894 objecto,
1367 837 1464 876 nul-

81 914 126 955 la
156 920 247 967 est,
284 914 487 971 sequitur
525 919 574 957 ut
615 916 711 972 ipsa
751 916 959 970 cogitatio
999 915 1173 957 desinat
1203 931 1299 957 csse
1339 922 1382 957 et
1419 916 1465 956 in

81 1004 246 1032 meram
276 991 419 1048 ipsius
449 992 708 1034 detrudatur
738 992 992 1049 potentiam.
1052 993 1113 1034 Ea
1137 1007 1251 1048 quae
1273 991 1326 1034 de
1348 994 1466 1047 cogi-

82 1070 250 1112 tatione
277 1072 448 1124 valent‚
493 1071 643 1113 eodem
672 1071 797 1113 modo
836 1072 891 1112 ad
928 1072 1194 1113 voluntatem
1232 1071 1467 1128 pertinent,

86 1161 198 1204 quae
218 1153 388 1190 tantum
410 1148 558 1200 abest,
589 1153 636 1189 ut
655 1148 748 1189 suis
777 1148 1032 1200 momentis,
1063 1152 1110 1189 ut
1129 1148 1223 1190 solo
1248 1163 1326 1190 sno
1347 1155 1465 1191 motu

87 1240 114 1267 a
132 1226 395 1281 cogitatione
414 1224 651 1282 discrepet.
711 1225 776 1268 Ut
794 1241 817 1266 a
838 1226 970 1267 rebus
990 1226 1223 1280 cogitatio,
1261 1226 1322 1267 ita
1352 1241 1377 1266 a
1399 1241 1469 1267 co-

86 1303 300 1359 gitatione
329 1302 488 1360 incipit
514 1303 734 1347 voluntas.
795 1303 926 1346 Certa
955 1304 1134 1344 materia
1168 1303 1389 1356 detracta,
1427 1309 1470 1346 ct

91 1383 190 1440 ipsa
217 1381 421 1424 voluntas
459 1379 513 1421 ad
535 1394 698 1421 meram
733 1380 803 1421 sni
830 1380 1067 1436 potentiam
1098 1381 1169 1422 vel
1198 1381 1469 1434 negationem

89 1459 356 1503 detruditur.
422 1457 646 1511 Cogitatio
686 1461 729 1499 et
765 1458 966 1500 voluntas
1012 1472 1066 1499 ex
1106 1459 1238 1499 certis
1280 1459 1470 1500 incertae

89 1539 254 1592 factae,
278 1537 370 1595 jam
400 1535 517 1576 inter
537 1549 584 1576 se
605 1549 690 1576 non
710 1534 900 1590 amplius
921 1541 1023 1577 sunt
1043 1535 1291 1580 distinctae.
1350 1537 1471 1579 Haec

92 1622 236 1660 autem
257 1619 300 1657 et
320 1614 601 1669 cogitationis
630 1619 673 1656 et
702 1614 940 1657 voluntatis
960 1615 1152 1671 potentia
1182 1615 1272 1659 sive
1298 1617 1471 1671 negatio

93 1695 206 1737 nihil
223 1690 345 1734 aliud
368 1696 460 1745 est,
496 1692 582 1733 nisi
604 1706 759 1733 sensus
788 1691 1002 1732 internus.

207 1772 376 1815 Sensus
394 1771 593 1812 internus
622 1768 902 1823 cogitationis
922 1768 1248 1824 voluntatisque
1278 1770 1380 1812 unio
1407 1775 1475 1812 est

95 1852 315 1907 negativa.
391 1849 566 1905 Quibus
605 1848 748 1889 verbis
785 1852 877 1888 tota
919 1846 1013 1904 ejus
1054 1848 1173 1889 notio
1212 1848 1475 1891 continetur.

97 1932 145 1974 A
172 1930 475 1987 perceptione,
516 1942 698 1984 quacum
726 1925 986 1983 saepissime
1015 1925 1317 1979 confunditur,
1354 1928 1476 1983 peni-

98 2014 172 2051 tus
199 2020 469 2065 prorsusque
498 2005 671 2047 diversa
699 2009 779 2046 est.
1134 2050 1152 2076 ὁ

213 2088 255 2130 l.
303 2086 356 2127 In
377 2083 656 2142 perceptione
681 2081 796 2122 enim
819 2094 938 2122 mens
958 2093 1036 2137 per
1056 2094 1208 2122 sensus
1228 2080 1475 2123 immediata

102 2165 271 2207 ratione
289 2164 344 2205 ad
364 2167 588 2205 externum
608 2160 823 2217 objectum
837 2191 849 2212 ,
887 2160 932 2200 in
963 2172 1092 2200 sensu
1115 2165 1265 2201 contra
1285 2175 1333 2201 se
1353 2159 1408 2201 ad
1429 2175 1476 2200 se

102 2244 243 2300 ipsam
278 2244 430 2285 refert.
505 2240 719 2296 Quocirca
756 2237 1075 2295 perceptionem
1113 2237 1227 2280 hand
1261 2238 1477 2279 immerito

105 2321 274 2365 dixeris
294 2335 449 2363 sensus
476 2318 639 2361 interni
668 2317 952 2372 negationem.

217 2401 262 2446 2.
308 2402 377 2445 At
400 2398 624 2458 perceptio
653 2411 737 2438 non
765 2396 905 2437 solum
942 2395 996 2438 ad
1025 2394 1238 2452 objectum
1268 2407 1314 2435 se
1343 2393 1479 2434 refert

108 2484 331 2523 externum
370 2477 502 2534 idque
536 2474 893 2527 determinatum,
942 2473 1019 2516 sed
1049 2473 1202 2525 etiam,
1241 2473 1307 2513 vel
1344 2470 1398 2512 ad
1429 2485 1477 2512 se

109 2559 251 2616 ipsam
276 2556 440 2609 relata,
478 2552 762 2596 determinata
795 2555 862 2592 est
892 2556 1020 2607 atque
1050 2550 1187 2592 finita.
1250 2546 1481 2606 Perceptio

112 2636 224 2679 enim
245 2633 568 2693 perceptionum
588 2634 655 2672 est
677 2628 923 2683 multitudo,
954 2628 1054 2685 quia
1077 2641 1246 2679 sensus,
1275 2641 1350 2684 per
1374 2643 1482 2684 ques

1128 2707 1156 2746 4
1198 2708 1215 2730 J<-
