1639 2946
710 200 977 276 „ms—m

158 369 247 412 nisi
274 368 359 421 ita,
388 371 437 411 ut
455 380 500 410 se
517 367 699 409 invicem
718 368 877 410 tollant
903 370 1032 422 atque
1054 364 1325 420 extinguant.
1382 364 1535 408 Habes

158 447 298 503 igitur·
328 447 373 488 in
399 446 678 504 perceptione
697 446 902 505 majorem
927 449 1093 501 partem
1116 444 1373 486 existentiae
1392 448 1532 485 exter-

159 539 267 577 nae,
301 524 417 582 quod
439 526 580 577 reale,
612 525 654 566 in
675 525 897 566 voluntate
927 522 1132 581 majorem
1152 528 1316 580 partem
1335 524 1533 566 internae

159 603 441 657 existentiae,
473 603 585 661 quod
608 603 748 645 ideale
770 602 876 643 dicit
903 601 1345 659 SchleiermacheruS.

268 696 360 749 At,
391 695 506 752 quod
527 701 757 751 utrumque
782 692 834 735 ad
856 693 1061 735 scientiae
1081 693 1297 734 notionem
1313 693 1534 749 pertinere
1573 700 1578 708 ’

157 772 284 815 modo
315 773 529 827 diximus,
567 788 650 814 non
679 773 738 814 ita
771 788 863 813 eam
892 772 1118 817 constituit
1144 778 1274 828 atque
1300 772 1457 824 efficit,
1486 776 1535 813 ut:

157 851 300 893 altero
328 866 478 894 carere
509 853 695 893 alterum
728 852 885 908 possit.
944 850 1038 892 Imo
1068 851 1215 907 potius
1234 853 1414 892 alterum
1439 865 1534 892 cum

155 930 297 971 altero
317 929 660 988 conjungendum
682 936 763 982 est,
784 944 919 985 neque
933 929 1261 982 admittendum,
1284 931 1419 972 utini
1441 931 1535 984 hoc,

154 1008 254 1050 huic
272 1008 385 1050 illud
413 1007 539 1050 desit.
598 1007 647 1050 Si
666 1008 800 1062 igitur
829 1008 993 1063 aliquid
1014 1009 1073 1049 ita
1095 1008 1325 1062 cogitasti,
1355 1010 1468 1051 sicut
1487 1024 1534 1051 re

155 1100 257 1128 vera
279 1093 361 1140 est,
381 1087 669 1131 habestumin
691 1086 910 1140 cogitandi
925 1086 1093 1128 actione
1108 1087 1353 1130 veritatem.
1411 1087 1535 1129 Non-

157 1165 258 1207 dum
277 1179 378 1208 vero
391 1166 477 1207 scis
494 1165 806 1221 scientiamque
820 1166 1003 1222 adeptus
1018 1180 1078 1220 es,
1103 1165 1142 1206 si
1155 1180 1201 1206 ea
1216 1166 1340 1207 abest
1354 1181 1536 1222 persua-

156 1244 248 1296 sio,
279 1258 362 1300 qua
391 1245 589 1287 omnibus
618 1244 730 1286 idem
760 1245 1033 1299 cogitandum
1059 1258 1155 1284 esse
1177 1249 1364 1287 statuas.
1418 1245 1475 1287 Et
1494 1245 1533 1286 si

154 1322 253 1374 fieri
278 1328 451 1379 posset,
483 1328 530 1364 ut
554 1323 597 1363 in
621 1336 704 1363 una
725 1322 945 1377 cogitandi
968 1321 1139 1362 actione
1162 1336 1310 1363 omnes
1332 1324 1535 1364 conveni-

153 1406 282 1454 rent,
314 1415 449 1457 neque
477 1415 527 1441 ea
560 1400 828 1441 consentiret
855 1413 949 1440 cuni
981 1399 1110 1441 rebus
1133 1402 1350 1454 externis,
1381 1401 1532 1445 itidem

154 1479 330 1521 abesset
349 1479 530 1521 scientia
545 1511 557 1531 ,
586 1478 844 1533 adessetque
868 1492 991 1518 error
1011 1478 1263 1522 communis.
1285 1479 1331 1533 >i‘)

269 1568 535 1621 Discrimen,
569 1567 680 1624 quod
710 1568 823 1608 inter
843 1568 1146 1621 cogitationem
1169 1569 1533 1627 existentiamque

153 1647 387 1691 intercedit
417 1647 772 1703 quantitativum,
812 1646 989 1688 missum
1018 1647 1204 1699 faciens,
1235 1647 1290 1688 ad
1323 1650 1532 1693 scientiae

155 1730 439 1778 momentum,
481 1739 662 1781 quocum
708 1739 850 1766 rerum
880 1730 1032 1766 natura
1067 1729 1308 1778 consentit,
1346 1727 1533 1782 proban-

155 1804 272 1857 dum,
292 1806 399 1845 hanc
413 1803 496 1844 sibi
520 1802 749 1859 proposuit
778 1802 1071 1859 quaestionem
1087 1803 1533 1859 Schleiermacherus,

156 1897 238 1940 qua
268 1883 479 1938 quomodo
508 1883 603 1923 fieri
631 1882 771 1939 possit
800 1883 1066 1936 interrogat,
1097 1889 1143 1924 ut
1169 1883 1387 1937 cogitandi
1417 1886 1530 1926 actio

156 1961 273 2003 adid
294 1961 450 2002 referi-i
465 1961 604 2016 possit
619 1993 629 2013 ,
650 1962 764 2017 quod
786 1969 906 2003 extra
927 1976 1019 2003 eam
1044 1962 1231 2018 positum
1253 1969 1319 2002 est
1340 1969 1383 2003 et
1403 1963 1457 2003 ab
1479 1977 1530 2005 ea

158 2039 396 2099 sejunctum
432 2040 647 2081 consistit.
668 2039 748 2095 ΜΕ)
809 2040 964 2082 Nonne
992 2039 1212 2093 cogitandi
1239 2040 1350 2081 actio
1372 2045 1415 2082 et
1440 2042 1530 2082 exi-

157 2119 315 2160 stentia
335 2123 513 2159 externa
532 2132 605 2159 res
626 2122 728 2159 sunt
748 2118 807 2160 ita
828 2118 1037 2168 diversae,
1066 2123 1127 2170 ut,
1154 2133 1282 2174 quum
1302 2119 1440 2159 altera
1455 2120 1530 2161 ha-

156 2197 257 2239 heat
283 2197 449 2238 modum
472 2211 597 2252 quem
624 2197 784 2239 habere
807 2198 943 2239 altera
968 2202 1175 2253 nequeat,
1206 2197 1323 2239 nulla
1342 2212 1528 2254 unquam

158 2273 389 2330 utriusque
418 2275 644 2317 consensio
681 2277 794 2318 effici
833 2273 994 2333 queat?

267 2352 342 2395 Ad
362 2367 453 2395 eam
475 2353 775 2397 difficultatem
801 2354 1075 2406 solvendam,
1106 2354 1148 2394 in
1169 2353 1430 2394 conscientia
1452 2367 1527 2394 no-

215 2554 261 2606 *)
283 2553 348 2597 Cf,
370 2555 405 2609 §A
424 2563 477 2597 87
496 2560 539 2596 et
567 2556 602 2609 ξι
629 2563 693 2598 96,

214 2631 293 2686 ΜΕ)
323 2632 388 2676 cf.
415 2633 450 2687 ς.
473 2641 562 2677 106.
583 2638 598 2654 *
