1639 2946
866 173 883 187 Ο

614 229 881 305 *Al-Z-

55 398 243 438 alterum
281 400 424 435 autem
467 407 548 434 non
590 393 782 434 existens
821 390 891 447 (τὸ
922 390 984 446 μή
1014 386 1081 444 ὅν)
1122 391 1248 432 futile
1279 397 1321 433 et
1354 406 1432 448 pro

54 475 193 516 nihilo
224 472 474 530 putandum.
532 473 575 514 2.
615 471 949 528 oppositionem
992 469 1221 525 positivam
1253 470 1297 511 in
1338 472 1438 513 uni-

53 566 228 595 versum
261 550 433 607 quidem
474 550 536 590 ibi
567 549 724 601 habes,
766 549 838 589 ubi
872 554 1103 603 utrumque
1135 549 1438 604 oppositorum

54 630 204 673 eodem
239 629 341 689 jure
381 627 616 683 eademque
661 628 700 669 vi
742 627 935 669 existens
974 626 1185 668 statuisti.
1245 626 1333 668 Sed
1373 626 1439 668 di-

55 706 363 763 stinguendum
395 712 461 748 est
492 705 607 746 inter
629 704 946 761 oppositionem
978 703 1218 759 simplicem
1251 709 1293 745 et
1323 719 1438 747 com-

55 787 262 845 positam.
1045 842 1048 846 Ι

167 880 206 906 a.
238 862 291 905 In
333 861 609 919 oppositione
648 861 834 918 positiva
876 873 1015 915 eaque
1055 859 1244 916 simplici
1287 866 1438 917 partes

55 945 141 986 sibi
173 943 399 1001 oppositae
431 956 522 982 eam
554 941 710 981 habent
736 940 972 990 rationem,
1004 946 1051 979 ut
1080 954 1102 979 e
1127 939 1356 994 qualitatis
1375 941 1439 982 le-

55 1023 184 1077 gibus
206 1035 386 1078 prorsus
407 1034 452 1059 se
475 1017 732 1069 excludant,
765 1018 822 1057 ita
845 1023 891 1058 ut
914 1017 956 1056 in
993 1017 1201 1056 unitatem
1235 1017 1437 1060 redactae

56 1116 102 1142 se
124 1101 281 1142 tollant
302 1103 598 1151 evertantque.
664 1094 851 1151 Propter
881 1098 987 1135 hanc
1017 1094 1280 1136 exclusionis
1301 1098 1438 1139 ratio-

57 1195 152 1221 nem
180 1179 274 1220 lieri
304 1192 386 1218 non
416 1182 583 1232 potest,
616 1181 661 1215 ut
689 1183 789 1215 ante
809 1175 1099 1215 exclusionem
1126 1175 1266 1231 ipsam
1289 1191 1341 1217 ex
1365 1191 1436 1217 ea-

56 1259 151 1300 dem
184 1260 350 1301 unitate
382 1258 693 1315 processerint.
769 1257 835 1298 Ex
862 1258 1027 1298 unitate
1062 1257 1176 1298 enim
1217 1259 1437 1315 oppositio

57 1352 188 1393 quum
214 1337 335 1377 nullo
359 1337 445 1377 alio
468 1335 591 1376 modo
611 1336 778 1376 exoriri
802 1337 940 1392 possit
960 1337 1044 1376 nisi
1068 1336 1297 1390 divisione,
1316 1345 1437 1378 utra-

57 1431 139 1472 que
159 1415 349 1473 partium
371 1414 585 1455 divisione
613 1421 866 1455 exortarum
899 1415 1095 1470 quamvis
1130 1416 1183 1457 ad
1218 1431 1264 1458 se
1295 1417 1436 1473 ipsam

58 1497 118 1538 sit
146 1497 311 1545 relata,
344 1494 527 1534 alterius
557 1502 697 1534 tamen
729 1494 953 1551 particeps
983 1501 1050 1535 est
1078 1502 1120 1535 et
1145 1503 1302 1538 manet.

169 1574 211 1616 h.
240 1572 303 1614 Ea
326 1572 617 1628 oppositionis
640 1571 792 1623 forma,
823 1583 931 1626 quae
955 1572 1133 1612 veritati
1153 1587 1234 1613 una
1257 1587 1438 1629 respon-

57 1654 156 1708 det,
187 1651 406 1708 oppositio
435 1656 503 1690 est
529 1650 784 1705 composita.
846 1649 979 1707 Cujus
1013 1651 1307 1706 oppositionis
1336 1665 1437 1707 par-

58 1741 125 1774 tes
147 1730 360 1772 divisione
382 1743 431 1769 ex
454 1728 601 1769 eadem
629 1729 793 1769 unitate
814 1736 990 1769 exortae
1018 1736 1136 1772 sunt.
1193 1730 1322 1771 Hanc
1349 1730 1437 1770 ori-

59 1812 201 1866 ginem
235 1808 301 1850 vel
330 1807 558 1864 oppositae
582 1812 727 1847 tenent
749 1815 879 1861 atque
902 1812 1138 1849 reservant.
1198 1807 1320 1849 intra
1340 1809 1437 1849 uni-

55 1896 192 1931 tatem
224 1893 366 1927 autem
402 1901 472 1926 res
496 1892 584 1926 tntu
611 1885 695 1925 sihi
719 1891 820 1925 sunt
844 1887 1096 1942 oppositae,
1127 1886 1165 1927 si
1187 1886 1436 1938 discrimen,

59 1965 174 2023 quod
207 1967 319 2006 inter
351 1971 578 2019 utramque
613 1972 777 2019 partem
810 1963 1065 2016 intercedit,
1105 1979 1266 2005 merum
1301 1979 1436 2020 quan-

59 2045 279 2087 titativum
311 2049 395 2085 est.
463 2042 698 2098 Oppositio
731 2043 891 2096 igitur,
933 2043 1159 2084 verissime
1191 2043 1437 2095 intellecta,

62 2122 355 2180 quantitativa
381 2122 449 2162 vel
472 2122 653 2163 relativa
677 2121 858 2161 dicenda
882 2126 965 2162 est.

115 2201 183 2243 Ex
212 2201 312 2255 hac,
348 2215 456 2255 quae
479 2201 537 2240 sit
569 2199 862 2256 oppositionis
891 2200 1036 2251 notio,
1067 2199 1340 2255 expositione
1359 2214 1436 2255 pa-

58 2286 146 2333 tet,
181 2294 257 2321 cur
291 2277 718 2320 Schleiermaclierus
738 2277 1017 2318 lulealisnnum
1038 2278 1313 2318 Fichtianum
1336 2277 1438 2318 sub-

57 2359 260 2417 jectivum
283 2358 523 2413 impugnet.
582 2354 817 2412 {inpugnat
838 2355 959 2407 ideo,
997 2357 1096 2411 quia
1120 2363 1297 2412 praeter
1318 2355 1436 2396 idea-

59 2439 129 2489 le,
157 2452 266 2492 quae
296 2451 416 2476 mens
446 2440 513 2476 est
541 2435 763 2474 abstracta
786 2435 954 2475 ratione
978 2435 1030 2474 ad
1053 2450 1098 2475 se
1121 2435 1259 2490 ipsam
1284 2435 1438 2486 relata,

60 2516 171 2558 nihil
203 2528 350 2555 rernm
382 2529 479 2554 esse
508 2513 688 2564 statuit,
727 2513 843 2552 reale
863 2513 1028 2553 nullum
1049 2514 1238 2553 existere
1261 2511 1438 2553 demon-

63 2600 225 2636 strans.
286 2591 444 2633 Eadem
493 2600 635 2631 autem
673 2590 939 2631 vehementia
973 2591 1198 2647 impugnat
1234 2591 1438 2632 materia-

63 2672 235 2714 listnuin
251 2704 262 2723 ,
292 2670 389 2725 qni,
414 2670 503 2711 vice
532 2682 680 2720 tersa,
703 2668 976 2710 verissimum
1005 2683 1135 2710 unum
1160 2669 1318 2711 statuit
1337 2684 1435 2712 esse
