1639 2946
691 163 777 218 1⁸2

39 330 153 373 ratio
177 344 296 372 suam
323 331 535 373 actionem
556 333 761 375 sensibus
784 331 1057 374 extrinsecus
1086 327 1280 370 incitatis
1311 340 1418 369 non-

39 407 138 450 dum
168 408 384 462 admovit,
420 424 493 452 res
531 417 734 452 externae
771 409 994 452 indefinita
1034 412 1136 449 sunt
1166 405 1416 448 multitudo.

40 480 163 542 Quae
202 486 374 542 quidem
415 487 790 530 determinationis
828 486 1003 543 inopia,
1051 498 1133 540 qua
1173 498 1247 524 res
1292 480 1416 524 laho-

37 569 160 616 rant,
198 565 450 606 notionibus
483 564 724 607 formandis
755 564 943 606 tollitur.
1003 561 1085 603 Uti
1116 562 1231 602 enim
1264 567 1416 616 poten-

39 642 100 684 tia
131 641 444 685 determinatae
476 650 601 696 sunt,
632 643 693 684 ita
725 644 893 684 ratione
924 656 1000 682 seu
1031 639 1252 681 functione
1283 639 1417 680 intel-

36 719 217 762 lectuali
255 735 406 762 revera
445 720 555 761 fiunt
586 720 896 761 determinatae
922 718 985 772 ᾖ).
1057 715 1122 759 Ut
1160 721 1303 758 autem
1344 730 1416 757 res

38 804 265 852 externae,
315 814 424 856 quae
463 800 657 856 potentia
689 798 977 840 determinata
1016 811 1065 838 ac
1095 795 1273 838 definita
1315 801 1418 837 sunt

36 877 294 929 multitudo,
327 891 425 919 vere
447 876 757 918 determinatae
788 876 916 927 fiant,
946 888 1083 930 aeque
1115 872 1417 928 distinguendi

36 957 108 997 vel
138 953 385 1012 opponendi
428 959 558 1010 atque
588 953 879 1011 conjungendi
911 951 1174 1006 uniendique
1205 951 1318 992 actio
1348 956 1418 993 est

36 1032 301 1074 necessaria.
376 1030 498 1073 Haec
537 1037 721 1086 utraque
766 1030 878 1070 actio
925 1029 1152 1070 verissime
1194 1029 1308 1071 actio
1347 1034 1417 1070 est:

37 1108 372 1153 detes-minandi.
444 1108 566 1161 Haec
597 1108 746 1149 eadem
777 1105 982 1161 reagendi
1014 1109 1095 1159 est,
1128 1120 1275 1161 quum,
1306 1119 1415 1161 quae

37 1187 238 1230 sensibus
269 1186 525 1238 offeruntur,
557 1189 692 1227 mutet
722 1187 766 1226 et
794 1184 839 1225 in
871 1197 993 1225 suam
1017 1188 1214 1224 naturam
1238 1197 1417 1226 conver-

37 1271 120 1311 tat.
178 1264 266 1307 Sed
291 1263 536 1306 accuratius
562 1261 669 1322 jam,
700 1261 913 1319 quomodo
934 1249 1041 1302 fiant
1072 1260 1287 1314 notiones,
1316 1275 1416 1303 con-

37 1340 312 1400 templemur}

154 1457 369 1500 sensuum
401 1456 593 1508 affectio,
634 1454 725 1496 sive
763 1454 927 1496 functio
960 1455 1160 1508 organica
1200 1453 1417 1496 extrinse-

39 1551 116 1579 cus
147 1537 348 1589 incitata,
389 1536 433 1577 id
471 1543 539 1577 est
578 1534 692 1591 quod
731 1538 951 1589 tamquam
990 1533 1176 1590 primum
1217 1534 1418 1575 notiones

39 1616 162 1672 ipsas
201 1612 528 1668 antegrediatur
564 1626 739 1654 necesse
778 1617 862 1653 est.
921 1610 1137 1652 Sensuum
1177 1615 1320 1652 autem
1353 1612 1418 1652 al-

39 1694 227 1736 fectione
265 1695 308 1735 in
348 1694 550 1735 sensibus
582 1693 691 1749 ipsis
723 1692 863 1745 imago
903 1705 1051 1732 earum
1083 1705 1228 1731 rerum
1260 1691 1420 1742 oritur,

41 1774 155 1814 unde
187 1771 358 1813 affectio
390 1772 581 1828 prosecta
616 1777 698 1811 est.
757 1769 878 1810 Haec
909 1769 1051 1822 imago
1072 1768 1301 1824 praeterit,
1332 1768 1420 1809 nisi

40 1852 261 1893 functione
291 1849 577 1890 intellectuali
600 1849 722 1888 firma
753 1862 800 1888 ac
822 1847 959 1888 delixa
989 1846 1213 1890 reddatur.
1274 1845 1322 1887 Si
1342 1860 1418 1886 au-

39 1936 126 1971 tem
159 1928 295 1969 defixa
327 1934 416 1979 est,
447 1941 529 1967 una
561 1941 653 1967 cum
687 1926 778 1982 ipsa
811 1925 897 1965 alia
931 1925 1072 1977 imago
1105 1924 1260 1975 oritur,
1292 1938 1419 1979 quae,

41 2007 138 2048 dum
170 2007 248 2048 illa
280 2020 394 2047 mera
427 2005 666 2059 singularis
698 2010 787 2056 est,
827 2004 1091 2045 universalis
1123 2001 1301 2043 dicenda
1333 2008 1418 2046 est.

41 2085 168 2127 Hanc
199 2084 487 2127 universalem
519 2084 751 2138 imaginem
785 2082 1214 2124 Schleiermacherus
1245 2082 1418 2123 schema

41 2177 212 2218 semper
243 2162 452 2218 appellat.
519 2160 643 2216 Quae
683 2160 854 2216 quidem
897 2160 1038 2214 imago
1069 2159 1244 2214 generis
1276 2160 1418 2214 imago

41 2247 125 2284 est.
193 2239 539 2282 possibilitatem
569 2241 613 2281 in
652 2255 698 2281 se
729 2240 923 2280 continet
953 2239 1226 2292 singularum
1264 2238 1419 2293 imagi-

42 2334 142 2360 num
175 2324 217 2360 et
258 2319 360 2361 haec
400 2319 495 2376 ipsa
537 2324 604 2359 est
643 2319 933 2376 possibilitas.
1002 2316 1280 2359 Universalis
1312 2315 1418 2356 hacc

40 2398 184 2451 imago
215 2398 454 2453 singularis
494 2397 588 2454 ipsa
622 2411 790 2452 quoquc
832 2396 915 2437 dici
948 2400 1094 2452 potest
1124 2396 1292 2450 imago,
1341 2392 1418 2435 scd

100 2602 136 2652 *)
169 2597 235 2640 Cr.
268 2611 306 2653 p.
341 2571 437 2642 259.
