1639 2946
772 205 823 259 4

108 378 333 427 versetur,
378 373 588 428 cogitatio
621 375 951 432 philosophica,
1002 387 1114 430 quae
1141 374 1220 415 lite
1247 376 1292 414 et
1317 370 1488 414 dubita-

109 454 228 496 tione
265 449 450 493 nondum
487 456 742 506 antegressa
786 452 975 493 existere
1019 451 1187 507 nequit.
1245 451 1313 494 At
1340 450 1418 492 lite
1446 453 1491 492 et

108 528 381 573 dubitatione
428 535 604 582 exorta,
650 529 934 570 nihilominus
972 529 1069 570 fieri
1107 532 1277 585 potest,
1324 533 1373 570 ut
1406 542 1492 571 non

111 609 296 652 oriatur.
352 605 469 661 Quid
489 613 581 660 est,
613 607 752 663 quod,
785 608 1014 663 quominus
1037 608 1222 661 oriatur,
1252 603 1491 665 impediat?

109 687 216 741 Est,
245 691 294 729 ut
322 700 405 728 uno
435 686 680 740 absolvam,
713 686 1027 743 Scepticismus
1050 687 1111 740 ἧι>.
1171 685 1218 728 Is
1247 687 1362 728 enim
1391 700 1492 728 con-

110 765 373 809 troversiam
404 765 615 821 litemque
658 765 756 806 tolli
795 780 924 821 posse
962 770 1115 819 negat,
1162 765 1438 807 differentias
1467 778 1493 806 a

110 851 269 889 natura
299 844 425 885 datas
462 844 878 900 consensionemque
906 845 1090 886 alterius
1121 859 1214 885 cum
1251 845 1391 885 altero
1421 857 1493 885 ca-

111 925 181 967 sui
207 922 447 978 subjectam
479 936 576 962 esse
609 922 808 978 opinans.
868 921 1060 962 Tantum
1092 922 1228 975 igitur
1257 922 1407 971 abest,
1446 925 1494 964 ut

110 1002 426 1059 Scepticismus
458 1001 729 1041 dialecticam
769 1000 968 1057 proferre
1005 1001 1171 1057 possit,
1217 1006 1265 1042 ut
1304 1002 1409 1042 haec
1439 1002 1495 1044 ah

111 1096 189 1135 eo,
223 1081 296 1137 qui
321 1081 391 1121 illi
411 1080 641 1137 oppositus
662 1083 754 1132 est,
785 1079 1091 1134 Dogmatismo
1113 1081 1208 1122 solo
1228 1082 1495 1138 proferatur.

113 1159 451 1215 Dogmatismus
471 1159 583 1199 enim
603 1159 945 1200 controversiam
962 1174 1046 1201 non
1068 1160 1207 1202 solum
1228 1161 1328 1202 tolli
1349 1175 1496 1217 posse,

115 1238 194 1282 sed
220 1238 351 1280 etiam
379 1237 480 1279 tolli
510 1236 669 1278 debere
700 1237 873 1282 statuit.

223 1337 394 1395 Quibus
433 1337 625 1379 breviter
674 1336 937 1393 disputatis,
985 1338 1239 1380 dialecticae
1278 1339 1496 1382 notionem

112 1418 358 1460 accuratius
378 1415 638 1457 adumbrare
658 1418 788 1471 atque
810 1415 993 1457 delinire
1013 1431 1260 1473 possumus.
1283 1417 1363 1459 Est
1381 1418 1496 1460 enim

113 1511 164 1539 ea
195 1495 454 1552 disciplina,
503 1508 614 1549 quae
654 1494 848 1534 rationes
886 1494 1184 1550 formulasque
1223 1500 1267 1537 et
1306 1511 1496 1539 summas

113 1580 158 1617 et
184 1575 418 1629 unicuique
453 1572 780 1613 controversiae
819 1573 1162 1614 accommodatas
1198 1574 1242 1615 in
1275 1589 1321 1616 se
1353 1576 1494 1617 conti-

114 1657 210 1709 net,
247 1652 405 1709 quibus
439 1650 756 1707 disputantium
787 1651 892 1692 lites
917 1651 1063 1694 dirimi
1097 1653 1350 1710 sciendique
1378 1654 1498 1712 cupi-

115 1730 269 1774 dorum
297 1730 619 1772 controversiae
645 1729 871 1772 verissime
900 1731 1099 1787 componi
1127 1732 1300 1788 possint
1321 1732 1415 1790 iffi).

229 1830 374 1887 Quum
404 1830 551 1872 variae
579 1829 668 1870 sint
702 1829 877 1882 linguae
906 1836 950 1871 et
977 1829 1200 1884 diversae,
1240 1838 1284 1874 et
1313 1833 1372 1875 ita
1402 1835 1499 1890 qui-

117 1908 214 1952 dem
269 1908 470 1950 diversae
519 1913 568 1948 ut
612 1909 846 1949 multarum
902 1909 1214 1962 cogitationum
1263 1910 1499 1955 diversitas

118 1989 242 2030 nullo
270 1987 396 2028 modo
425 1986 708 2042 tollipossst,
756 1987 979 2043 sequitur,
1018 1992 1065 2029 ut
1096 1987 1325 2031 dialectica
1358 1991 1412 2031 ab
1440 1992 1498 2033 iis

119 2067 242 2113 solis,
269 2064 397 2107 condi
437 2065 581 2121 possit
619 2071 749 2121 atque
790 2065 990 2119 institui,
1037 2067 1112 2122 qui
1152 2068 1282 2109 unius
1319 2069 1498 2125 linguae

122 2144 231 2188 socii
261 2148 363 2185 sunt
384 2143 506 2199 ww),

233 2231 322 2276 Sed
350 2246 403 2273 ne
436 2232 564 2274 unius
594 2231 766 2288 quidem
796 2232 971 2288 linguae
1001 2234 1108 2276 socii
1138 2234 1407 2279 dialecticam
1445 2237 1500 2279 ab

123 2326 209 2355 uno
223 2311 468 2353 institutam
482 2311 680 2353 omnibus
691 2311 882 2353 numeris
894 2313 1153 2369 probabunt,
1166 2329 1294 2371 quum
1308 2316 1404 2358 fieri
1415 2329 1500 2358 non

178 2482 216 2535 ³⁸)
248 2481 317 2525 Cf.
337 2495 377 2537 p.
409 2488 498 2524 575.

179 2559 238 2612 M)
270 2557 337 2602 Cf.
366 2573 406 2615 p.
440 2567 531 2602 575.

181 2638 259 2691 w>
288 2635 355 2682 cf.
388 2652 426 2693 p.
462 2646 552 2681 579.
