1639 2946
673 188 778 245 29

43 371 192 401 omnes
219 355 397 399 eandem
432 357 656 398 notionum
694 354 1049 414 proferendarum
1090 356 1201 398 viam
1240 357 1414 413 ingredi

43 437 238 493 possint,
278 449 359 475 non
382 436 424 476 in
447 450 495 476 eo
518 434 713 492 ponenda
735 440 826 487 est,
867 433 1008 489 quod,
1046 439 1094 476 ut
1124 450 1256 493 supra
1284 452 1415 496 expo-

41 514 233 565 suimus,
272 527 426 554 sensus
459 513 657 555 omnibus
688 517 789 553 sunt
828 527 1088 565 communes,
1127 514 1188 554 ita
1219 519 1268 556 ut
1297 517 1415 572 quod

42 591 155 633 alter
180 591 381 632 sensibus
407 574 623 647 percepit,
663 591 707 632 id
734 593 863 633 alteri
892 592 1073 633 utilitati
1103 592 1186 645 sit,
1223 594 1308 637 imo
1337 612 1415 654 po-

38 667 127 709 tius
147 667 343 724 ponenda
366 668 407 708 in
429 668 619 721 ratione,
659 683 768 724 quae
796 670 838 710 in
871 670 1070 712 omnibus
1103 671 1250 713 eadem
1282 679 1414 730 atque

36 759 122 787 una
154 747 268 788 inest
289 748 355 802 i).
415 747 617 804 Systema
646 754 787 789 autem
820 750 1006 791 omnium
1027 751 1251 792 notionum
1273 752 1415 794 scien-

38 825 143 867 tiam
172 827 452 868 efficientium
483 828 526 868 in
556 842 638 869 una
674 828 806 870 habes
834 830 1002 870 ratione
1036 831 1162 873 modo
1191 846 1274 873 non
1304 838 1413 874 tem-

37 906 181 962 porali
204 907 234 949 i.
259 922 294 949 e.
323 907 407 958 ita,
446 912 492 947 ut
512 908 710 948 notiones
741 922 824 963 qua
849 909 1047 952 nationes
1076 911 1119 951 in
1140 911 1310 954 ratione
1329 927 1415 956 nou

37 984 176 1026 insint
196 985 290 1036 ἢ).
356 984 489 1026 Ratio
514 985 778 1027 viridissima
803 1001 947 1027 earum
970 988 1325 1043 proferendarum
1346 991 1414 1034 vis

37 1063 187 1104 eodem
210 1062 334 1121 mnodo
357 1067 447 1112 est,
486 1077 570 1117 qno
591 1063 633 1102 in
657 1063 820 1103 semine
849 1063 992 1105 inesse
1012 1064 1172 1107 dicitur
1200 1068 1347 1123 planta
1369 1074 1414 1111 et:

40 1141 212 1198 quidem
235 1140 378 1180 inesse
406 1138 530 1179 modo
559 1153 642 1179 non
671 1139 817 1182 locali.
877 1140 1086 1195 Quamvis
1108 1149 1250 1186 autem
1272 1147 1413 1190 notio-

36 1234 138 1262 num
167 1218 456 1276 principium,
496 1222 540 1259 et
579 1217 750 1273 quidem
787 1219 976 1261 omnium
1007 1221 1100 1263 sine
1137 1224 1228 1264 ullo
1253 1224 1412 1268 discri-

36 1299 151 1340 mine
177 1302 221 1337 et
241 1297 516 1352 physicarum
546 1302 589 1336 et
612 1296 865 1350 ethicarum,
885 1302 928 1338 et
951 1299 1253 1343 sublimiorum
1283 1309 1326 1344 et
1345 1304 1412 1346 in-

35 1378 262 1429 feriorum,
295 1377 334 1417 in
356 1376 447 1416 sola
476 1375 646 1416 ratione
676 1375 734 1415 sit
758 1376 1017 1431 ponendum,
1047 1381 1414 1433 organicatamen

39 1470 149 1513 opus
180 1458 247 1495 est
277 1453 532 1504 affectione,
562 1458 608 1493 ut
628 1467 776 1494 revera
804 1453 846 1494 in
875 1455 1043 1496 ratione
1073 1458 1261 1500 existant
1286 1460 1413 1517 migJ.

37 1538 76 1576 E
106 1533 264 1590 quihus
307 1536 449 1587 patet,
489 1530 593 1586 quid
631 1532 905 1573 statuendum
935 1534 995 1574 sit
1030 1533 1082 1576 de
1120 1551 1170 1577 ea
1198 1537 1412 1592 doctrina,

39 1625 150 1669 quae
174 1610 306 1652 menti
334 1610 533 1651 notiones
564 1610 736 1651 innatas
764 1624 861 1653 esse
891 1613 1032 1657 docet.
1091 1614 1257 1658 Verum
1285 1617 1330 1659 in
1359 1633 1412 1661 ea

38 1691 117 1734 hoc
139 1694 229 1741 est,
269 1688 382 1744 quod
405 1690 445 1729 ei
464 1703 509 1730 se
538 1690 717 1746 opponit
737 1691 953 1747 opinioni,
996 1707 1078 1749 qua
1101 1710 1247 1737 omnes
1270 1698 1412 1739 notio-

37 1783 115 1812 nes
136 1783 187 1809 ex
211 1767 426 1821 organicis
453 1767 755 1809 affectionibus
785 1770 1000 1824 proficisci
1025 1773 1260 1827 statuitur,
1297 1776 1412 1818 falsa

38 1852 181 1890 autem
206 1847 249 1887 in
270 1860 319 1887 eo
339 1851 432 1897 est,
464 1845 575 1902 quod
597 1847 794 1888 notiones
816 1847 939 1889 docet
968 1847 1061 1889 sine
1091 1851 1294 1904 organica
1313 1852 1411 1900 fun-

36 1926 179 1979 ctione
215 1925 258 1966 in
297 1928 464 1966 ratione
503 1926 670 1981 positas
698 1941 809 1971 esse.
885 1926 1100 1971 Notiones
1138 1945 1289 1972 revera
1319 1938 1410 1973 tum

37 2007 291 2056 nascuntur,
318 2003 356 2045 si
377 2004 539 2046 functio
560 2005 698 2048 altera
728 2019 820 2046 cum
843 2007 980 2048 altera
1001 2023 1047 2049 se
1075 2009 1313 2062 coniunxit,
1342 2010 1411 2051 in-

37 2084 302 2128 tellectualis
340 2099 434 2125 cum
472 2085 700 2138 organica,
738 2085 940 2139 organica
978 2100 1072 2127 cum
1103 2087 1406 2130 intellectuali.

39 2163 265 2219 Quatenus
305 2168 448 2203 autem
480 2163 679 2204 notiones
711 2164 893 2204 scientia
926 2169 1048 2216 sunt,
1101 2170 1280 2206 eatenus
1310 2166 1408 2209 fieri

38 2256 122 2284 non
159 2247 328 2301 potest,
367 2248 415 2283 ut
453 2256 595 2284 meras
622 2239 688 2283 >ab
734 2243 834 2285 aliis
871 2248 1072 2300 acceptas
1111 2247 1295 2289 teneam.
1353 2244 1408 2287 In
