1639 2946
773 206 870 262 24

145 368 324 421 tumque
345 363 585 406 subiectum
608 371 742 408 caret.
787 364 1017 423 Ejusmodi
1041 363 1236 418 verbum,
1267 363 1382 421 quod
1411 368 1532 407 certa

146 443 227 484 hac
264 441 479 483 relatione
519 447 664 493 earet,
717 457 860 499 neque
907 442 1028 484 aliud
1079 441 1183 498 quid
1229 443 1319 484 nisi
1366 457 1533 485 merum

147 519 280 561 edicit
309 519 492 573 sactum,
531 525 600 562 est
630 521 939 578 impersonale.
996 522 1073 566 Ab
1103 537 1152 564 eo
1183 522 1333 577 igitur>
1357 523 1533 580 profici—

154 597 359 640 scendum
391 604 459 641 est
478 599 540 656 ᾗ).

260 698 409 741 Prima
459 699 694 758 eademque
746 701 1128 759 imperfectissima
1173 701 1331 762 judicii
1370 703 1535 755 forma,

147 778 187 819 si
213 778 373 837 judicii
419 781 593 822 nomine
635 781 808 822 omnino
848 781 978 836 digna
1020 789 1111 834 est,
1149 782 1253 823 haec
1292 786 1383 834 est,
1424 795 1535 838 quae

145 857 279 898 verbo
313 872 430 899 mero
464 859 765 914 impersonaii,
798 859 840 900 in
873 876 957 916 quo
991 861 1262 902 indefinitum
1295 861 1406 901 latet
1433 859 1537 901 sub-

140 935 331 994 jectum,
380 936 588 979 efficitur.
668 935 858 993 Propter
913 937 1291 978 determinationis
1343 937 1536 994 inopiam

150 1014 396 1055 subiectum
430 1015 572 1056 omnia
613 1030 712 1057 esse
753 1020 899 1072 potest
939 1017 1029 1057 sive
1069 1017 1241 1071 potius,
1283 1023 1330 1058 ut
1360 1029 1537 1056 accura-

90 1141 94 1146 .
151 1092 247 1133 tius
281 1091 499 1144 definiam,
529 1093 631 1133 unio
670 1099 738 1133 est
769 1108 911 1134 rerum
945 1093 1131 1134 omnium
1164 1093 1351 1135 nondum
1385 1093 1539 1146 divisa,

147 1185 199 1212 ex
232 1185 314 1226 qua
346 1170 458 1212 nihil
486 1171 707 1211 exclusum
745 1172 940 1228 nihilque
973 1178 1221 1228 separatum
1256 1177 1339 1215 est.
1401 1172 1539 1213 Error

146 1249 190 1290 in
225 1249 304 1289 hoe
347 1249 507 1290 iudicio
547 1249 733 1290 inveniri
778 1265 860 1291 non
899 1256 1069 1307 potest,
1110 1265 1241 1306 quum
1286 1251 1398 1292 nihil
1438 1265 1540 1307 pro-

148 1327 335 1378 nuntiet,
366 1328 452 1368 nisi
483 1330 732 1382 organicam
764 1328 1053 1379 affectionem,
1085 1343 1161 1369 seu
1194 1330 1333 1385 ipsum
1366 1329 1540 1381 sactum,

149 1404 263 1460 quod
313 1406 536 1446 functione
586 1407 790 1461 organica
838 1407 1114 1448 extrinsecus
1160 1411 1410 1463 perceptum
1454 1412 1538 1450 est.

148 1469 402 1525 Formulam
442 1484 575 1540 primi
612 1485 744 1525 huius
777 1484 937 1542 judicii
977 1499 1069 1525 eam
1110 1487 1228 1525 recte
1275 1486 1541 1529 constituas:

149 1561 245 1615 „In
287 1567 405 1617 toto,
456 1564 526 1604 vel
572 1577 716 1604 rerum
759 1564 1071 1616 universitate,
1120 1564 1170 1604 fit
1208 1563 1431 1618 hoc.“**)
1491 1562 1542 1606 Si

149 1641 377 1687 dicendum
411 1648 503 1689 est,
543 1647 644 1683 ante
677 1642 899 1683 notionum
933 1642 1238 1684 formationem
1265 1641 1355 1697 jam
1381 1641 1542 1702 judicii

148 1720 332 1761 formam
365 1720 619 1775 antegredi,
659 1722 739 1761 hoc
781 1721 923 1779 ipsum
958 1721 1175 1779 ⁴judicium
1207 1720 1542 1777 imperfectissi-

149 1812 266 1839 mum
320 1805 411 1852 est,
464 1799 580 1855 quod
628 1800 849 1841 notionem
898 1800 1215 1855 antegreditur.
1302 1798 1447 1854 Quum
1498 1798 1544 1840 id

155 1892 332 1934 semper
371 1877 498 1919 nobis
541 1878 831 1936 appetendum
864 1879 947 1931 sit,
986 1885 1033 1920 ut
1065 1877 1225 1937 judicii
1263 1877 1543 1933 notionisque

148 1956 304 1998 formis
335 1970 479 1997 rerum
523 1957 803 1998 existentiam
836 1963 1113 1998 externarum
1154 1957 1391 1998 chaoticam
1424 1958 1542 1998 evol-

151 2047 303 2075 vamus
355 2038 486 2090 atque
531 2035 821 2093 explicemuS,
872 2049 1092 2091 nunquam
1145 2039 1288 2076 autem
1340 2034 1542 2077 omnihus

150 2111 345 2153 numeris
376 2111 665 2167 partibusque
698 2111 741 2152 id
765 2126 1067 2167 assequamur,
1100 2112 1186 2153 imo
1209 2113 1355 2168 potius
1386 2127 1543 2167 magna

153 2203 328 2245 semper
367 2190 462 2246 ejus
501 2205 605 2247 pars
646 2196 890 2242 remaneat,
938 2189 1063 2247 cujus
1107 2199 1307 2231 naturam
1349 2190 1542 2232 nondum

156 2267 466 2322 cognovimus,
508 2269 611 2309 haee
642 2268 780 2324 prima
814 2266 975 2324 judicii
1014 2269 1153 2310 forma
1196 2268 1357 2324 ubique
1395 2282 1542 2310 rever-

161 2353 284 2387 tatur
314 2361 492 2388 necesse
523 2352 590 2387 est
615 2346 734 2399 *³³³⁹ss).

211 2501 248 2551 *)
282 2500 346 2541 Cf.
379 2514 422 2554 p.
458 2508 552 2541 278.

208 2570 266 2621 **)
299 2567 364 2610 Cf.
397 2582 439 2622 p.
477 2576 573 2609 262.
594 2567 620 2592 ⁴⁴<

210 2637 288 2689 Ψ)
321 2634 390 2679 Cf.
423 2633 596 2677 Ηήόῖῗΐῗἰζ
