1639 2946
59 351 62 361 ¹
96 340 183 383 sita
210 346 278 384 est
299 341 594 399 deductionis,
624 361 736 403 quae
766 347 821 389 ad
843 349 1041 391 notiones
1062 346 1313 390 formandas
1336 362 1474 405 aeque

78 421 340 475 *necessaria
369 430 461 477 est,
491 440 607 477 eam,
640 442 724 483 qua
754 428 830 469 illa
856 429 1053 480 laborat,
1084 426 1273 484 inopiam
1295 427 1474 472 tollens.

205 509 271 552 Ut
291 512 485 556 inductio
508 518 726 572 postulat,
757 523 807 559 ut
829 518 928 560 data
958 518 1018 561 sit
1048 532 1192 559 rerum
1224 516 1472 570 multitudo,

93 603 203 644 quae
235 593 562 648 complectendo
596 594 637 634 in
670 595 868 636 unionem
896 599 941 636 et
976 595 1316 636 communionem
1351 595 1472 637 redi-

89 674 276 723 gantur,
313 671 373 711 ita
399 670 599 713 deductio
623 673 831 729 requirit,
871 679 918 715 ut
936 672 1037 714 data
1062 673 1122 714 sit
1141 687 1286 714 rerum
1307 674 1471 727 unitas,

91 759 202 800 quae
244 762 296 789 ex
338 754 456 790 certo
506 764 644 805 eoque
691 752 938 793 necessario
976 750 1194 814 principio
1232 749 1470 804 dividatur,

78 835 278 879 >suasque
307 825 349 866 in
381 832 530 882 partes
564 827 831 869 dissolvatur
863 827 926 883 Q).
992 826 1113 869 Haec
1142 826 1280 881 igitur
1307 828 1469 873 divisio

86 902 209 943 nullo
229 903 355 946 modo
379 920 429 946 ex
454 906 643 947 arbitrio
666 906 842 963 pendet,
871 907 957 948 imo
978 906 1126 963 potius
1147 905 1208 946 ita
1235 905 1469 948 instituen-

85 977 138 1018 da
159 985 248 1032 est,
278 986 325 1022 ut
347 996 418 1023 res
438 997 485 1024 se
508 984 604 1040 ipsa
637 983 830 1025 dividere
852 982 1064 1035 videatur,
1096 997 1235 1038 neque
1256 983 1342 1024 alia
1364 998 1469 1040 pro-

83 1058 308 1111 ferantur,
346 1061 433 1101 nisi
465 1061 531 1101 rei
569 1061 711 1117 ipsius
748 1062 1024 1103 necessariae
1054 1069 1218 1117 partes,
1288 1061 1466 1103 Divisio

82 1141 225 1177 autem
254 1136 453 1189 unionis,
493 1153 622 1193 quum
654 1139 741 1180 alio
775 1139 899 1180 modo
928 1138 1103 1179 institui
1134 1142 1265 1193 atque
1295 1138 1467 1182 absolvi

72 1218 292 1269 nequeat,
333 1214 418 1255 nisi
449 1216 532 1267 ita,
574 1221 620 1256 nt
657 1216 877 1273 oppositio
919 1216 961 1255 in
999 1215 1077 1256 illa
1108 1215 1346 1268 exoriatur,
1384 1217 1466 1258 hoc

72 1292 266 1333 maxime
289 1293 566 1348 spectandum
588 1299 679 1347 est,
712 1309 764 1336 ne
793 1295 907 1337 falso
937 1310 1131 1352 opponas
1165 1295 1365 1350 falsoque
1386 1309 1464 1352 op·-

80 1369 280 1425 ponendo
309 1385 334 1412 a
357 1371 540 1414 veritate
569 1373 764 1415 aberres,

191 1460 336 1516 Quum
365 1462 434 1502 hic
462 1467 657 1503 nostrum
687 1477 770 1503 non
803 1462 887 1515 sit,
926 1477 948 1503 e
979 1461 1229 1503 notionibus
1260 1461 1464 1504 formatis

78 1539 269 1581 formare
287 1540 398 1581 alias
420 1548 463 1581 et
485 1556 558 1582 eas
579 1541 768 1597 quidem,
789 1555 898 1597 quae
920 1541 1095 1581 illarum
1118 1540 1208 1581 sint
1235 1544 1386 1596 partes
1418 1543 1464 1580 et

77 1622 121 1663 in
146 1620 238 1661 illis
261 1619 468 1660 unitatem
492 1620 700 1675 babeant,
731 1619 807 1660 sed
833 1633 854 1658 e
874 1618 1072 1675 principe
1094 1631 1143 1658 ac
1164 1618 1304 1674 primo
1326 1618 1462 1669 fonte,

77 1714 189 1754 quae
210 1698 395 1739 nondum
421 1699 540 1739 notio
559 1704 648 1750 est,
679 1699 879 1739 notiones
908 1697 1145 1748 deducere,
1174 1711 1278 1753 prae
1299 1697 1461 1739 ceteris

76 1779 147 1819 hic
166 1779 263 1818 sons
286 1776 560 1832 quaerendus
583 1782 651 1818 est
679 1782 746 1827 et,
779 1780 986 1831 quantum
1016 1775 1111 1815 fieri
1135 1780 1303 1830 potest,
1334 1765 1462 1817 acm}-

74 1857 218 1898 ratius
248 1857 522 1900 indicandus,
590 1857 673 1898 Est
711 1862 852 1898 autem
887 1856 955 1896 hic
995 1855 1093 1896 fons
1124 1853 1325 1897 munduS.
1393 1856 1462 1896 At

74 1949 161 1977 non
186 1942 254 1978 est
278 1936 462 1978 mundus
482 1937 524 1977 in
548 1951 592 1978 se
612 1936 696 1977 iam
720 1934 1034 1976 determinatus
1051 1966 1064 1985 ‚
1102 1932 1180 1974 sed
1201 1932 1244 1973 in
1264 1932 1459 1974 chaotico

74 2019 192 2055 statu
215 2029 420 2067 versans,
453 2015 512 2055 ita
540 2020 588 2055 ut
615 2028 753 2069 neque
774 2016 891 2053 certa
918 2009 1175 2062 multitudo,
1206 2024 1345 2065 neque
1364 2023 1462 2051 cer-

73 2097 119 2134 ta
150 2107 199 2134 ac
227 2093 405 2135 definita
440 2093 586 2134 unitas
627 2105 678 2134 ex
709 2106 760 2132 eo
793 2093 877 2133 iam
919 2088 1205 2147 processerit.
1272 2086 1362 2129 lna
1390 2092 1460 2129 est

73 2169 175 2211 data
195 2177 324 2227 atque
345 2172 564 2214 invenitur
597 2172 639 2213 in
658 2170 878 2212 functione
900 2168 1129 2223 organica,
1160 2167 1265 2207 haec
1293 2165 1338 2206 in
1360 2164 1459 2206 fun-

72 2249 215 2290 ctione
238 2249 542 2292 intellectuali.
599 2247 803 2304 Utraque
833 2248 937 2288 haec
965 2245 1129 2287 functio
1155 2242 1459 2285 deductionem

71 2326 403 2381 antegrediatur
432 2341 609 2369 necesse
633 2332 716 2370 est.
774 2325 918 2382 Quum
952 2326 995 2366 in
1025 2324 1250 2366 functione
1281 2321 1458 2364 intelle-

72 2404 210 2445 ctuali
236 2405 424 2462 impetus
451 2410 581 2461 atque
607 2405 829 2462 appetitus
864 2402 971 2444 insit
999 2399 1345 2453 determinandi,
1381 2399 1458 2442 de-

127 2607 165 2660 *)
195 2604 260 2649 Cf.
286 2607 327 2658 ς.
357 2612 449 2647 278.

1092 2679 1120 2718 Ιῦ
