1639 2946
674 217 946 291 *L

117 375 285 433 possit,
318 375 460 417 utilia
488 377 681 419 auctoris
714 379 987 436 proprietate
1006 391 1190 436 prorsus
1210 380 1269 423 sit.
1285 379 1492 429 liberata.

59 491 63 494 .
116 452 215 508 Quo
260 457 404 494 autem
430 454 592 508 magis,
649 455 724 510 qui
754 455 1026 522 dialecticam
1056 462 1305 514 componet,
1351 473 1375 502 e
1412 475 1493 503 sua

110 545 155 588 pl
183 531 384 588 aprietate
432 535 693 589 excesserit,
751 550 802 578 eo
849 537 988 592 magis
1036 536 1220 579 aliorum
1265 538 1493 582 consensio

110 610 200 668 ipsi
238 613 477 669 continget.
500 615 548 669 ᾗ)

221 732 386 775 Omnes
407 746 629 775 sermones
649 734 978 792 philosophicos
1001 735 1346 779 controversiam
1364 741 1489 779 ante-

111 811 237 866 gredi
258 810 415 851 dehere
439 811 649 863 diximus,
680 811 1018 868 disputandique
1037 813 1116 854 hoc
1147 828 1244 855 esse
1264 815 1495 858 consilium

112 890 371 943 statuimus,
430 895 478 932 ut
521 891 811 945 cogitationes
851 893 905 933 ab
944 893 1142 935 omnibus
1188 895 1493 951 comprobatae

111 968 409 1024 proferantur.
477 967 681 1010 Conditio
718 969 804 1025 jam
846 969 1121 1027 adjungenda
1161 976 1252 1024 est,
1291 972 1372 1013 sub
1409 988 1495 1029 qua.

113 1046 208 1087 sola
238 1045 535 1086 controversia
564 1047 661 1086 tolli
682 1047 841 1103 possit.
901 1047 1023 1088 Haec
1043 1053 1184 1089 autem
1211 1051 1494 1102 cogitationis

110 1123 166 1165 ad
195 1122 474 1164 existentiam
505 1124 666 1165 relatio
698 1130 780 1168 est.
807 1124 883 1180 Aki‘)
943 1123 1353 1183 Philosophantium
1390 1143 1493 1171 con-

110 1201 325 1243 troversia
354 1204 473 1244 nullo
501 1204 588 1245 alio
621 1205 746 1246 modo
768 1205 865 1246 tolli
889 1210 1034 1262 potest
1057 1207 1144 1248 nisi
1166 1207 1253 1260 ita,
1283 1213 1332 1250 ut
1360 1222 1492 1250 unum

110 1279 249 1333 adsit,
282 1279 396 1336 quod
428 1282 481 1321 ab
512 1282 711 1323 omnibus
744 1288 967 1339 acceptum
999 1284 1374 1342 approbatumque
1408 1290 1493 1331 est.

114 1358 244 1414 Quod
274 1365 416 1401 tamen
452 1375 582 1416 quum
623 1362 912 1415 cogitationes
950 1377 1092 1404 secum
1132 1369 1400 1421 repugnent,
1447 1365 1493 1406 in

110 1437 223 1492 ipsis
251 1439 589 1493 cogitationibus
617 1453 701 1480 non
735 1439 1024 1495 quaerendum
1046 1447 1126 1484 est.
1185 1441 1494 1497 Quaerendum

112 1517 157 1559 in
206 1516 442 1558 existentia
493 1521 586 1567 est,
636 1531 772 1572 quare
815 1517 868 1557 ab
906 1517 1106 1560 omuibus
1141 1533 1191 1559 ea
1233 1525 1493 1574 agnoscatur

111 1609 291 1636 necesse
319 1601 400 1636 est.
459 1593 524 1636 Ut
554 1594 648 1636 sine
688 1595 987 1637 controversia
1026 1594 1253 1637 dialectica
1285 1611 1383 1639 esse
1415 1612 1492 1640 nem

114 1674 235 1730 quit,
281 1673 341 1714 ita
387 1686 526 1727 neque
557 1687 654 1714 esse
685 1679 830 1730 potest
874 1673 968 1715 sine
1008 1674 1289 1728 cogitationis
1326 1675 1380 1717 ad
1401 1677 1492 1719 exi-

113 1750 315 1794 stentiam
361 1749 591 1793 relatione.

224 1872 493 1929 Dialectica,
527 1886 656 1927 quum
679 1871 722 1912 in
744 1871 1006 1927 cogitatione
1025 1874 1352 1933 philosophica,
1382 1891 1492 1933 quac

112 1953 260 1997 eadem
290 1951 475 1993 scicntia
502 1954 594 2002 est,
633 1956 856 2002 versetur,
898 1951 1027 2010 hujus
1057 1954 1337 2007 cogiffltionis
1365 1955 1490 2010 origo

112 2038 157 2076 et
182 2032 351 2074 initium
380 2029 626 2071 accuratius
659 2029 1007 2084 investigandum
1036 2045 1133 2073 esse
1161 2032 1347 2076 videtur.
1407 2033 1491 2077 Co-

113 2111 268 2166 gitatio
312 2108 640 2166 philosophica,
699 2108 954 2164 priusquam
1003 2123 1081 2151 sua
1126 2115 1170 2152 et
1206 2110 1491 2166 simplicitate

113 2195 157 2230 et
185 2189 436 2242 integritate
465 2201 489 2228 a
524 2187 713 2241 singulis
752 2188 923 2243 prolata
959 2187 1042 2240 sit,
1080 2202 1172 2229 cum
1210 2190 1489 2244 cogitatione,

115 2279 224 2322 quae
247 2265 425 2318 dicitur,
461 2265 632 2320 vulgari
645 2264 871 2306 commixta
890 2269 1021 2321 atque
1039 2265 1264 2323 conjuncta
1287 2268 1488 2322 eststffl)

173 2468 220 2523 ἢ
239 2465 303 2510 Cf.
324 2481 368 2524 p.
395 2473 485 2510 584,

175 2546 250 2600 ΜΕ)
268 2545 333 2589 Cf.
355 2561 400 2603 p.
429 2553 506 2589 584
526 2546 560 2601 ς.
582 2553 618 2587 3.

176 2624 280 2679 Μ)
306 2623 372 2670 cf.
411 2639 456 2683 p.
487 2630 564 2669 589
593 2624 627 2678 ξ,
651 2631 686 2666 4.
