1639 2946
724 209 817 264 a?

201 375 459 432 Oppositio,
494 391 620 434 quain
641 379 758 420 inter
787 379 1012 420 scientiam
1033 377 1256 434 physicam
1283 381 1327 418 et
1354 377 1464 418 ethi⁴

87 467 178 495 cam
197 453 322 496 modo
344 456 602 510 statuimus,
632 462 800 499 tantum
823 457 971 511 abest,
1003 460 1051 496 ut
1071 456 1133 496 sit
1160 455 1387 508 absoluta,
1417 462 1465 496 ut

87 531 147 574 sit
172 532 358 595 relativa
388 535 457 576 vel
486 535 791 591 quantitativa,
863 522 1019 591 Neque
1048 534 1160 575 enim
1189 538 1343 575 natura
1371 533 1464 574 sine

85 610 304 668 principio
332 612 489 667 ideali,
528 629 667 670 neque
697 629 819 657 mens
840 615 934 657 sine
967 612 1184 671 principio
1211 612 1320 654 reali
1347 612 1465 665 cogi·

85 687 215 730 tanda
255 693 340 733 est.
408 690 626 746 Quocirca
665 692 1093 735 Schleiermacherus
1138 690 1322 731 ethicam
1357 689 1465 731 dicit

84 767 360 826 disciplinam
390 771 628 827 physicam
647 772 838 820 hominis
867 777 1091 826 totamque
1112 773 1310 810 naturam
1329 766 1464 809 demi=

83 853 232 890 nutam
259 849 444 891 ethicam
472 850 535 904 ᾗ).
1303 836 1310 843 ·

195 937 466 997 Principium
489 941 703 993 ethicum,
743 954 853 996 quae
874 945 941 980 est
963 939 1192 990 voluntas,
1218 934 1465 978 accuratius

82 1020 452 1077 contemplantes,
482 1035 692 1062 summam
716 1035 810 1061 cum
841 1019 1024 1061 seientia
1046 1015 1378 1059 similitudinem
1401 1014 1465 1057 vi-

82 1095 251 1141 demus,
324 1097 447 1139 Haec
484 1099 727 1139 similitudo
765 1112 857 1139 eam
897 1098 952 1138 ob
982 1111 1157 1138 causam
1197 1109 1281 1137 non
1309 1108 1331 1134 a
1361 1107 1465 1134 casu

81 1174 254 1232 pendet,
283 1176 384 1230 quia
406 1176 608 1218 voluntas
637 1177 865 1218 scientiam
889 1190 1042 1218 revera
1066 1175 1110 1216 in
1132 1188 1180 1217 se
1199 1172 1409 1216 continet.

195 1253 234 1293 1.
276 1252 496 1294 Scientiae
515 1252 704 1295 indolem
737 1253 775 1295 si
803 1253 1093 1296 universalem
1114 1265 1211 1294 esse
1232 1263 1365 1307 supra
1387 1262 1460 1291 co-

83 1330 326 1386 gnovimus,
355 1329 504 1372 eadem
526 1330 743 1372 voluntati
761 1330 932 1372 indoles
953 1329 1166 1373 convenit.
1224 1327 1465 1375 Voluntas,

85 1423 196 1465 quae
215 1410 379 1451 ethices
410 1409 670 1466 principium
694 1415 785 1462 est,
815 1415 969 1450 natura
1001 1423 1079 1451 sua
1109 1422 1194 1449 non
1218 1405 1464 1461 singularis

84 1491 174 1538 est,
206 1486 284 1527 sed
307 1487 586 1529 universalis.
645 1484 699 1527 In
727 1501 989 1541 unoquoque
1018 1485 1190 1526 homine
1226 1498 1354 1540 quum
1384 1496 1466 1537 ge-

84 1579 168 1606 nus
195 1564 452 1615 humanum,
480 1564 549 1605 vel
575 1563 688 1604 ratio
716 1563 760 1604 in
789 1563 989 1605 omnihus
1018 1562 1167 1604 eadem
1195 1562 1326 1614 insit,
1363 1559 1466 1602 inde

84 1640 323 1698 repetenda
344 1647 411 1681 est
435 1654 562 1681 causa
577 1673 588 1693 ,
618 1655 695 1681 cur
717 1641 954 1682 voluntatis
975 1640 1229 1692 consensio,
1261 1653 1371 1695 quae
1392 1652 1465 1679 ea»

83 1720 180 1762 dem
209 1718 446 1760 voluntatis
475 1719 788 1761 universalitas
814 1725 907 1772 est,
952 1720 1066 1760 iuter
1094 1733 1244 1761 omnes
1272 1717 1463 1760 existere

86 1798 245 1855 possit.

196 1876 239 1919 2.
291 1875 341 1917 Si
361 1875 568 1916 scientiae
588 1875 881 1916 necessarium
907 1875 951 1916 id
973 1877 1252 1930 cognovimus
1274 1890 1464 1921 momen,-

84 1962 197 2008 tum,
238 1970 322 2011 quo
342 1955 472 1997 rebus
500 1956 692 1996 externis
723 1955 1008 2011 respondeat,
1055 1956 1123 1997 hic
1155 1971 1225 1998 res
1255 1954 1464 1997 habemus

84 2035 299 2077 voluntati
330 2035 660 2092 respondentes,
728 2034 785 2076 Et
814 2035 857 2075 in
888 2035 1071 2076 scientia
1100 2041 1143 2076 et
1170 2035 1214 2076 in
1243 2035 1466 2075 voluntate

84 2112 264 2153 eandem
296 2112 429 2153 habes
465 2111 649 2170 subjecti
683 2118 725 2152 et
755 2110 914 2168 objecti
947 2112 1174 2164 unionem,
1211 2126 1262 2153 eo
1291 2125 1374 2153 uno
1399 2111 1463 2151 di,

83 2191 310 2242 scrimine,
350 2197 397 2231 ut
437 2191 478 2231 in
508 2191 586 2232 illa
617 2190 853 2246 objectum,
884 2191 927 2231 in
959 2191 1037 2232 hac
1066 2190 1309 2248 subJectum
1340 2190 1462 2248 prius

85 2270 160 2311 sit.
232 2268 419 2312 Causam
451 2270 753 2310 consensionis
783 2284 926 2311 rerum
959 2275 1234 2311 externarum
1265 2284 1360 2310 cum
1391 2283 1463 2310 vo-

84 2349 255 2390 luntate
278 2346 707 2389 Schleiermacherus
736 2362 818 2388 non
846 2362 868 2389 e
898 2361 1056 2401 genere
1086 2348 1272 2389 humano
1301 2347 1367 2388 vol
1391 2360 1461 2385 ran

85 2427 232 2479 tione,
270 2440 380 2482 quae
411 2425 558 2467 eadem
597 2425 794 2468 omuibus
823 2425 955 2478 insit,
993 2425 1068 2467 sed
1096 2426 1259 2477 eDeo,
1298 2425 1340 2466 in
1376 2437 1461 2479 quo

141 2630 177 2680 *>
209 2625 278 2669 Cf.
309 2638 349 2680 p.
384 2632 478 2668 150.
