1639 2946
182 384 322 465 iiitum
367 421 550 475 spectat.
632 414 720 459 Vel
756 430 968 459 summum
1005 415 1288 471 cogitationis
1326 413 1554 474 objectum,

186 513 297 556 quae
328 502 395 539 est
429 495 495 538 vis
523 492 737 537 mundana
767 496 837 537 vel
865 507 995 537 causa
1025 495 1251 548 absoluta,
1295 494 1350 536 ab
1379 493 1557 551 opposi-

186 579 305 620 tione
331 580 376 617 et
396 573 757 616 determinatione
785 587 869 614 non
899 578 966 615 est
993 573 1244 617 liberatum.
1302 573 1360 614 Et
1388 573 1495 613 haec
1514 574 1559 613 et

187 657 265 698 illa
285 651 595 712 Phaenomenis
615 651 815 708 opposita
836 656 925 704 est,
956 652 1113 707 quibus
1135 652 1267 694 simul
1295 651 1506 693 inhaeret.
1544 680 1548 684 -

298 745 342 788 2.
401 741 531 784 Haud
556 741 694 795 magis
721 742 943 783 voluntate
967 747 1010 783 et
1040 756 1114 794 eo,
1153 741 1228 797 qui
1259 740 1359 782 inde
1385 738 1563 798 profici-

190 825 351 875 scitur,
383 826 481 862 actu
511 820 608 860 fieri
640 833 770 875 posse
791 820 1002 872 vidimus,
1041 826 1089 862 ut
1118 819 1284 874 singuli
1317 820 1478 875 quique
1507 816 1564 859 ad

190 902 316 944 deum
341 914 386 940 se
407 898 604 950 efferant,
633 912 762 953 quum
784 899 1023 940 voluntatis
1044 912 1214 954 quoque
1237 897 1420 939 materia
1439 896 1565 938 finita

191 982 250 1022 sit
293 984 424 1034 atque
468 976 770 1017 determinata.
855 977 980 1031 Quae
1027 977 1066 1018 si
1113 976 1378 1018 universalis
1420 977 1565 1026 esset,

192 1072 358 1100 omnem
398 1054 801 1096 determinationem
842 1049 1106 1107 excludens,
1152 1055 1355 1096 voluntas
1390 1053 1566 1095 omnino

192 1137 304 1178 nihil
338 1135 486 1177 vellet.
564 1132 691 1175 Unde
732 1134 764 1175 ii
786 1166 798 1186 ,
848 1149 958 1190 quos
994 1134 1101 1176 dicit
1135 1132 1569 1176 Schleiermacherus

193 1213 488 1271 „quietistaff
507 1227 559 1253 ex
583 1212 722 1269 ipsius
744 1213 959 1253 sententia
984 1212 1094 1253 nihil
1114 1212 1308 1254 volentes
1329 1215 1431 1252 sunt
1449 1210 1515 1265 *).

305 1305 373 1346 At
417 1317 502 1343 non
546 1304 686 1344 solum
724 1310 904 1359 propter
943 1302 1104 1361 objecti
1144 1301 1569 1353 determinationem,

196 1381 271 1425 sed
297 1387 476 1438 propter
502 1382 633 1421 aliam
665 1381 794 1421 etiam
828 1386 871 1421 et
900 1381 1107 1435 cogitatio
1140 1385 1184 1422 et
1213 1381 1415 1422 voluntas
1439 1377 1568 1420 deum

196 1463 240 1502 in
282 1475 328 1501 se
368 1459 637 1515 suscipiendi
680 1459 866 1515 impotes
899 1465 1015 1502 sunt.
1090 1459 1211 1500 Haec
1243 1463 1388 1499 autem
1423 1471 1475 1499 ea
1503 1460 1573 1498 est:

197 1538 532 1589 determinatio,
583 1552 665 1592 qua
706 1538 758 1578 ad
802 1553 847 1578 se
886 1538 1067 1579 invicem
1107 1542 1210 1579 sunt
1242 1537 1573 1579 determinatae.

198 1617 350 1667 Mens,
382 1629 489 1670 quae
510 1615 728 1669 cogitandi
752 1616 1009 1672 volendique
1037 1617 1139 1657 unio
1170 1622 1262 1668 est,
1292 1630 1344 1657 ex
1374 1616 1452 1656 hac
1475 1615 1574 1671 ipsa

200 1695 359 1736 unione
388 1693 582 1746 excedit,
621 1695 659 1734 si
689 1699 764 1735 aut
791 1696 989 1748 cogitans
1022 1703 1098 1736 aut
1128 1696 1279 1737 volens
1306 1698 1389 1738 est.
1452 1693 1575 1749 Quo-

199 1773 315 1814 circa
343 1773 420 1813 hac
458 1774 627 1814 ratione
658 1787 739 1814 non
784 1775 922 1815 solum
957 1779 1107 1814 contra
1140 1773 1290 1827 deum,
1337 1773 1414 1815 sed
1444 1773 1577 1814 simul

201 1857 352 1893 eontra
403 1851 472 1891 sni
508 1851 649 1908 ipsius
689 1852 889 1893 unionem
929 1859 1059 1908 atque
1098 1852 1395 1908 integritatem
1431 1851 1577 1893 deter-

202 1930 363 1971 minata
394 1933 476 1972 est.

320 2007 532 2062 Quamvis
550 2008 974 2050 Sclnleiermacherus
1004 2009 1059 2050 iis
1082 2013 1317 2066 repugnet,
1349 2007 1424 2065 qui
1451 2007 1578 2050 deum

205 2101 282 2130 sua
310 2085 500 2128 essentia
536 2092 612 2127 aut
649 2087 693 2127 in
732 2087 997 2141 cogitatione
1025 2093 1099 2128 aut
1126 2088 1169 2128 in
1198 2088 1422 2129 voluntate
1450 2101 1579 2144 prae-

207 2170 372 2207 sentem
402 2179 500 2205 esse
531 2171 706 2221 putent,
746 2165 1027 2207 nihilominus
1059 2167 1154 2222 ipse
1181 2180 1277 2207 eum
1305 2167 1349 2207 in
1378 2171 1581 2222 utraque,

208 2244 490 2286 etiamsinon
524 2242 682 2300 objecti
711 2244 866 2295 forma,
902 2250 1044 2284 tamen
1082 2245 1229 2285 inesse
1260 2245 1430 2287 statuit.
1495 2243 1582 2287 Co-

209 2322 365 2377 gitatio
396 2321 507 2362 enim
544 2326 588 2361 et
622 2321 821 2362 voluntas
851 2321 1015 2378 duplici
1053 2323 1220 2364 ratione
1261 2322 1453 2377 intelligi
1478 2336 1581 2379 pos-

211 2405 338 2452 sunt,
380 2414 560 2455 quarum
594 2400 774 2440 alteram
810 2400 1102 2454 materialem,
1140 2401 1366 2442 formalem
1395 2402 1580 2442 alteram

212 2478 483 2521 brevissimis
504 2476 647 2519 verbis
670 2477 928 2531 designaris.
987 2478 1056 2520 De
1085 2479 1177 2521 sola
1200 2479 1418 2521 materiali
1437 2479 1582 2520 hacte-

271 2680 309 2735 *)
340 2679 407 2723 Cf.
443 2679 499 2721 1).
532 2693 575 2735 p.
611 2685 698 2721 156.
735 2679 756 2703 *ἓ
