1639 2946
632 203 897 278 „Affl-

200 370 314 411 Tum
336 384 438 414 vero
465 386 514 414 ea
543 376 707 414 tantum
729 371 949 427 cogitandi
968 371 1082 413 actio
1103 372 1266 414 sciendi
1289 386 1460 429 quoque

62 487 68 489 ,
89 446 262 489 nomine
283 454 347 490 est
368 451 646 508 appellanda,
678 465 787 506 qnae
811 465 891 491 non
914 464 1029 492 mera
1047 454 1115 491 est
1131 451 1353 505 cogitatio,
1382 449 1462 492 sed

88 525 347 569 existentiae
375 530 504 572 simul
533 530 779 587 respondet.
839 530 1013 586 Duplex
1033 542 1206 581 eorum,
1237 543 1347 584 quae
1370 529 1460 571 exi-

90 609 234 658 stunt,
266 621 399 660 genus
419 609 842 650 Schleiermacherus
863 607 1109 661 distinguit,
1139 607 1321 648 alterum
1340 611 1463 649 extra

86 695 182 733 nos,
211 684 391 727 alterum
413 687 457 727 in
478 687 602 728 nohis
622 687 809 743 positum
831 685 1174 743 ponendumque.
1225 685 1373 727 Genus
1391 699 1464 726 ex-

86 763 155 801 tra
175 774 253 802 nos
286 764 474 819 positum
506 765 549 806 id
578 773 670 818 est,
701 765 811 807 unde
835 764 1109 814 affectiones,
1138 777 1191 804 ex
1213 763 1394 818 quibus,
1423 762 1464 802 si

86 839 484 894 animadvertimus,
513 843 812 899 perceptiones
834 842 1049 893 oriuntur,
1076 839 1277 881 sensibus
1300 839 1466 880 nostris

87 918 353 971 contingunt.
414 920 562 962 Genus
591 921 706 962 intra
736 936 813 962 nos
841 921 1028 977 positum
1054 918 1293 961 voluntatis
1321 922 1466 959 motus

88 996 381 1052 amplectitur.
422 998 687 1053 Quibuscum
704 999 742 1040 si
759 999 963 1052 cogitatio
982 1002 1130 1038 nostra
1143 995 1356 1048 convenit,
1375 1000 1466 1037 tum

88 1074 271 1126 scimus,
303 1075 404 1131 quid
433 1077 632 1120 velimus.
689 1075 809 1117 Haec
840 1075 926 1116 duo
957 1089 1104 1116 eorum
1134 1088 1243 1129 quae
1273 1074 1467 1115 existunt:

89 1166 272 1206 genera,
305 1153 453 1194 eodem
486 1154 609 1195 modo
625 1155 790 1206 omnia,
821 1167 931 1209 quae
959 1153 1144 1207 cogitari
1162 1158 1366 1209 possunt,
1397 1151 1465 1192 in-

87 1231 267 1272 volvunt
294 1238 336 1273 et
357 1232 601 1285 continent,
634 1248 718 1288 quo
747 1233 823 1273 illa
845 1232 1051 1273 scientiae
1075 1244 1233 1285 genera
1255 1229 1396 1271 omnia
1414 1242 1467 1270 ea

88 1311 430 1365 amplectuntur,
462 1326 571 1367 quae
590 1312 796 1353 scientiae
817 1311 987 1352 nomine
1004 1309 1230 1352 verissime
1250 1307 1468 1364 appellari

88 1394 286 1445 possunt.
326 1388 517 1445 Utrique
538 1390 674 1443 igitur
693 1389 950 1430 existentiae
964 1387 1303 1442 generiscientia
1318 1391 1468 1426 nostra

90 1466 354 1523 respondeat
375 1482 550 1508 necesse
566 1473 648 1512 est.
697 1468 819 1522 Quae
840 1467 1095 1508 existentiae
1117 1477 1275 1519 genera
1295 1463 1469 1505 diversa

93 1546 171 1588 illa
194 1545 380 1602 quidem,
407 1545 484 1587 sed
505 1561 588 1587 non
602 1547 659 1587 ita
674 1545 843 1586 diversa
857 1550 985 1601 atque
997 1544 1214 1584 contraria
1229 1545 1344 1593 sunt,
1363 1545 1469 1582 utse

92 1625 274 1666 invicem
287 1639 468 1681 prorsus
488 1624 716 1665 excludant
736 1625 941 1679 nulloque
955 1621 1079 1663 modo
1092 1621 1275 1662 alterum
1287 1618 1471 1660 alterius

93 1704 314 1759 particeps
335 1704 408 1745 sit.
457 1702 725 1754 Discrimen,
749 1701 860 1758 quod
876 1702 990 1742 inter
1007 1706 1238 1755 utrumque
1258 1697 1471 1753 genusia-

96 1782 297 1833 tercedit,
326 1782 658 1837 quantitativum
680 1797 762 1822 non
787 1780 1086 1837 qualitativum
1114 1785 1205 1831 est,
1240 1785 1287 1820 ut
1307 1778 1472 1820 brevis-

96 1861 220 1903 simis
241 1861 356 1901 hisce
376 1860 552 1902 vocibus
576 1860 640 1901 uti
667 1860 771 1902 mihi
799 1859 945 1902 liceat.
1002 1856 1065 1898 Ea
1086 1871 1194 1912 quae
1215 1857 1472 1913 quantitatis

96 1941 309 1982 rationem
332 1939 446 1980 inter
466 1954 512 1980 se
533 1938 717 1990 habent,
747 1938 807 1979 ita
838 1952 884 1979 se
918 1935 1175 1988 excludunt,
1213 1939 1263 1977 ut
1289 1935 1472 1977 unitatis

97 2018 397 2077 conjunctione
425 2031 509 2058 non
534 2022 732 2069 careant,
762 2017 848 2057 imo
870 2029 921 2056 ex
942 2015 1019 2056 hac
1040 2015 1134 2071 ipsa
1156 2013 1301 2071 potius
1322 2027 1472 2070 proce-

98 2096 218 2140 dant.
267 2096 555 2137 Exclusorum
579 2097 762 2136 alterum
787 2094 829 2135 id
844 2094 982 2152 majus
1001 2094 1044 2135 in
1066 2107 1112 2134 se
1133 2091 1338 2142 continet,
1357 2090 1473 2147 quod

101 2176 284 2216 alterum
318 2175 471 2217 minus.
527 2174 680 2216 Aliter
715 2187 761 2214 se
788 2187 858 2213 res
886 2172 1038 2224 hahet,
1076 2171 1113 2212 si
1141 2169 1393 2221 discrimen,
1425 2173 1474 2210 ut:

100 2254 283 2304 dicitnr,
313 2251 614 2307 qualitativum
643 2256 726 2294 est.
782 2252 846 2291 Ea
876 2263 1026 2305 quaee
1051 2247 1278 2304 qualitatis
1303 2247 1473 2288 ratione

103 2332 190 2374 sibi
226 2331 426 2388 opposita
455 2335 580 2381 sunt,
623 2344 789 2372 omnem
812 2333 1030 2381 gremotam
1058 2327 1217 2368 habent
1249 2325 1474 2369 unitatem.

101 2409 257 2466 Neque
276 2422 327 2450 ex
347 2422 430 2449 uno
443 2422 621 2463 egressa
639 2413 752 2461 sunt,
770 2421 907 2464 neque
928 2408 972 2449 in
985 2420 1113 2450 unum
1124 2405 1265 2447 redire
1278 2410 1475 2461 possunt,

118 2545 1117 2553 ff—*ffl
