1639 3000
38 1205 366 1276 Dialecticam
395 1241 489 1270 eam
521 1225 718 1269 dicentes
738 1225 1038 1284 disciplinam,
1080 1239 1191 1283 quae
1217 1227 1272 1270 de
1302 1227 1422 1284 cogi-

38 1308 204 1349 tatione
249 1313 378 1361 agat,
408 1321 432 1348 a
475 1308 659 1349 veritate
691 1307 864 1362 quidem
896 1321 981 1348 non
1016 1306 1296 1361 aberramus,
1341 1306 1421 1350 sed

37 1391 125 1426 tam
154 1385 299 1439 longis
333 1399 425 1425 eam
458 1384 718 1425 includimus
756 1384 942 1437 finibus,
983 1389 1030 1425 ut
1069 1398 1180 1440 quae
1210 1384 1420 1427 distincta

37 1464 99 1504 sit
139 1462 235 1520 ejus
281 1467 461 1515 natura,
511 1477 709 1518 quaeque
755 1462 995 1515 singularis
1042 1462 1244 1515 indoles,
1295 1463 1418 1511 nullo

36 1541 162 1584 modo
200 1547 363 1598 pateat.
431 1541 574 1596 Quum
615 1541 924 1595 cogitationum
964 1540 1127 1597 triplex
1168 1541 1227 1582 sit
1265 1555 1417 1596 genus,

36 1621 283 1661 accuratius
315 1619 605 1661 definiendum
645 1619 690 1661 id
729 1626 818 1671 est,
857 1619 902 1660 in
933 1633 1017 1675 quo
1058 1618 1286 1661 dialectica
1317 1634 1418 1662 ver-

36 1703 176 1741 satur.
243 1697 439 1739 Primum
479 1698 593 1739 tales
632 1697 913 1739 inveniuntur
950 1697 1264 1751 cogitationes,
1304 1712 1417 1754 quae

35 1781 203 1817 tantum
250 1776 398 1828 abest,
445 1781 492 1817 ut
529 1776 574 1816 in
612 1780 750 1817 semet
787 1776 899 1832 ipsis
937 1776 1126 1817 habeant
1162 1775 1318 1828 finem,
1365 1781 1416 1817 ut

34 1869 218 1910 prorsus
242 1855 427 1895 alterius
447 1868 577 1894 causa
605 1853 767 1898 adsint.
823 1854 885 1895 Ea
914 1868 1039 1906 vero,
1078 1867 1260 1909 quorum
1281 1841 1414 1895 causa

34 1931 216 1983 adsunt,
254 1933 365 1973 faeta
386 1947 482 1973 esse
505 1933 596 1973 sive
621 1932 813 1973 actiones
833 1932 1076 1973 rectissime
1097 1931 1286 1983 dixeris,
1315 1931 1413 1987 qui-

34 2011 115 2052 hus
157 2015 336 2051 externa
374 2012 602 2066 nostrique
643 2024 722 2062 ea,
776 2025 886 2066 quae
932 2015 1055 2051 extra
1103 2009 1412 2064 cogitationem

36 2090 121 2129 sita
165 2093 289 2141 sunt,
338 2093 552 2130 mutamus
590 2088 788 2144 aliasque
828 2093 875 2130 ut
905 2086 959 2129 ad
997 2102 1078 2130 nos
1108 2088 1302 2129 rationes
1333 2088 1411 2128 ha-

34 2167 165 2207 beant
202 2167 427 2207 efficimus.
494 2167 548 2206 ln
591 2181 674 2222 quo
706 2166 1015 2220 cogitationum
1055 2180 1212 2220 genere
1253 2165 1287 2207 ii
1318 2179 1410 2207 ma-

34 2245 146 2285 xime
167 2248 416 2297 versantur,
461 2258 642 2299 quorum
671 2245 757 2285 vita
787 2245 976 2299 negotiis
1005 2243 1214 2286 obeundis
1241 2244 1410 2285 intenta

34 2329 101 2363 est
121 2322 182 2377 ἢ.
239 2323 447 2366 Alterum
479 2322 785 2377 cogitationum
816 2337 951 2377 genus
981 2322 1027 2364 id
1057 2328 1124 2364 est
1159 2321 1272 2377 quod
1301 2320 1409 2362 arti·-

61 2522 106 2573 ἠὲ)
140 2520 564 2562 Schleiermacherus
584 2522 692 2562 hanc
715 2522 1021 2576 cogitationem
1041 2522 1252 2580 appellat.
1289 2521 1406 2570 „Qus

145 2592 347 2641 gesdyli'ftige
372 2591 567 2632 Qenfens‘
626 2589 694 2633 cf.
726 2590 786 2635 D.
818 2604 862 2646 p.
895 2598 987 2634 569.
1018 2599 1055 2632 2.

1111 2670 1136 2710 1
