1639 2946
199 375 382 420 scientia
416 374 557 430 igitur
595 374 780 431 quisque
816 375 987 433 primus
1028 375 1144 416 inter
1182 387 1313 431 pares
1352 373 1579 417 habendus

200 462 267 499 est
298 454 360 509 ᾗ).

251 558 308 598 ΙΙ.
347 554 437 596 Eae
460 559 623 596 tantum
656 555 857 596 notiones
890 554 1072 596 scientia
1103 560 1219 608 sunt,
1250 570 1360 612 quae
1390 554 1582 597 existen-

198 632 286 674 tiae
318 638 520 674 externae
552 633 819 689 respondent
850 632 949 688 ³⁹³⁰).
1011 632 1058 674 Si
1090 639 1233 674 autem
1266 647 1398 689 supra
1430 648 1583 675 unam-

199 726 414 768 quamque
446 711 661 751 notionem
703 716 745 751 et
784 710 1072 751 universalem
1106 716 1149 752 et
1187 711 1452 765 singuiarem
1483 724 1584 752 esse

197 790 501 845 cognovimus,
542 789 660 829 notio
701 789 964 844 respondere
1009 804 1091 830 non
1132 795 1278 844 potest
1308 789 1585 842 existentiae,

198 869 288 910 nisi
319 869 406 920 ita,
443 874 491 909 ut
523 868 645 908 illius
689 873 904 909 momenta
945 870 1093 911 eadem
1135 871 1264 911 huius
1296 885 1393 911 esse
1423 882 1583 922 cogno-

192 959 388 988 scamus.
465 944 588 999 Quae
622 945 794 1000 quidem
828 951 1039 987 momenta
1082 947 1125 987 in
1157 947 1393 988 existentia
1423 947 1485 989 ita
1515 947 1585 988 in-

200 1029 326 1077 sunt,
366 1027 413 1064 ut
449 1023 640 1075 notioni,
681 1030 893 1078 quatenus
924 1025 1186 1066 universalis
1218 1030 1309 1077 est,
1345 1024 1586 1082 repondeat

199 1103 291 1155 vis,
330 1102 498 1142 notioni
537 1107 705 1153 autem,
746 1106 958 1156 quatenus
992 1102 1231 1157 singularis
1270 1108 1362 1156 est,
1402 1117 1586 1161 respon-

200 1180 330 1223 deant
361 1180 896 1237 phaexxor1xe11a“*⁴⁹).Ut
929 1182 1047 1222 notio
1080 1182 1260 1223 inferior
1290 1182 1486 1238 potentia
1516 1182 1586 1224 in·-

199 1265 269 1301 est
297 1259 341 1301 in
362 1259 606 1314 superiore,
638 1259 696 1301 ita
728 1260 1021 1317 phaenomena
1055 1261 1247 1316 potentia
1280 1262 1429 1302 insunt
1459 1260 1504 1301 in
1528 1260 1586 1313 vi,

201 1353 255 1380 ex
286 1353 369 1394 qua
401 1336 641 1394 profluunt.
700 1336 765 1378 Ut
796 1338 998 1378 notiones
1040 1337 1274 1378 inferiores
1313 1337 1586 1393 superiorem

200 1417 245 1459 in
278 1431 325 1458 se
363 1416 587 1456 continent
619 1414 818 1456 omnihus
855 1413 1049 1455 numeris
1088 1414 1309 1456 definitam
1349 1419 1481 1471 atque
1511 1429 1586 1457 ex-

201 1495 418 1552 positam,
464 1494 525 1534 ita
557 1494 848 1549 phaenomena
891 1507 1062 1548 quoque
1092 1495 1176 1535 vim
1208 1494 1251 1534 in
1283 1509 1330 1536 se
1360 1495 1588 1537 continent

201 1573 553 1624 determinatam,
583 1577 626 1612 et
657 1571 804 1618 esuis
837 1571 1063 1612 momentis
1095 1573 1364 1628 explicitam.
1414 1572 1480 1615 Ut
1509 1588 1587 1615 no-

203 1652 267 1693 tio
295 1649 563 1692 universalis
594 1649 680 1690 alia
726 1649 895 1690 ratione
941 1649 1181 1702 singularis
1213 1665 1385 1706 quoque
1416 1657 1512 1692 erat
1540 1656 1586 1693 et

205 1730 446 1785 singularis
477 1728 758 1780 universalis,
790 1729 946 1784 hisque
970 1728 1131 1769 finibus
1162 1729 1360 1769 notiones
1391 1729 1584 1771 inclusae

205 1815 355 1861 erant,
387 1809 447 1849 ita
469 1808 608 1849 omnis
638 1821 810 1863 quoque
830 1807 897 1848 vis
919 1807 1001 1848 sub
1032 1807 1425 1864 phaenomenorum
1445 1810 1586 1850 forma

206 1888 437 1943 omniaque
466 1887 761 1943 phaenomena
791 1886 873 1926 sub
902 1886 1058 1927 virium
1092 1887 1231 1927 forma
1264 1887 1457 1941 intelligi
1483 1902 1586 1945 pos-

208 1972 327 2019 sunt,
370 1966 433 2007 ita
473 1969 521 2005 ut
560 1962 715 2005 iisdem
755 1963 916 2005 finibus
952 1964 1185 2005 existentia
1225 1964 1286 2005 sit
1315 1965 1485 2006 inclusa
1513 1967 1585 2020 †).

207 2046 285 2089 Ab
311 2044 587 2103 oppositione
620 2058 750 2100 quum
774 2057 827 2085 ne
858 2057 1061 2100 suprema
1097 2044 1270 2101 quidem
1291 2046 1359 2087 vis
1389 2045 1448 2086 sit
1474 2043 1586 2085 libe-

207 2130 321 2176 rata,
343 2137 601 2180 quamquam
623 2122 1103 2179 subphaenomenorum
1124 2123 1262 2164 forma
1283 2138 1366 2165 non
1387 2121 1578 2180 amplius

207 2202 401 2254 intelligi
421 2206 582 2259 potest,
605 2201 801 2242 notiones
814 2214 896 2241 uon
908 2200 1090 2253 excedit,
1110 2200 1186 2242 sed
1206 2201 1262 2242 iis
1281 2201 1393 2258 ipsis
1412 2200 1583 2258 percipi

266 2404 306 2457 *)
338 2400 408 2445 Cl.
440 2402 482 2455 ξ.
516 2407 609 2443 177.

267 2483 326 2536 **)
359 2480 428 2524 Cl.
460 2481 502 2533 §.
537 2487 629 2521 180.

267 2560 346 2615 ***)
379 2559 449 2603 Cl.
480 2560 522 2612 ξ.
557 2566 649 2601 181.

267 2640 315 2695 †)
346 2637 416 2684 Cl.
446 2640 491 2692 ς.
526 2645 616 2680 182.
