1639 2946
55 358 143 391 non
168 344 304 398 alie-ni
337 344 589 406 cujusdam,
639 347 718 391 sed
745 349 818 392 sui
852 347 1020 406 ipsius,
1063 346 1354 391 determinata
1380 348 1443 391 eit

53 438 234 474 necesse
271 429 357 470 est.
441 425 569 470 Mens
609 432 785 480 contra,
833 430 1047 484 quatenus
1085 424 1334 469 immediata
1371 427 1443 469 sui

50 502 323 546 conscientia
353 506 444 557 est,
475 503 593 546 omni
622 494 827 548 discrima
858 509 1054 559 remoto,
1084 504 1276 562 simplici
1305 504 1443 545 ratio-

53 595 108 624 ne
138 596 187 625 se
217 580 274 623 ad
295 595 342 623 se
373 581 516 638 ipsam
548 581 708 635 refert,
746 583 914 640 talique
942 582 1068 625 modo
1094 596 1253 624 sensus
1282 581 1444 625 dicitur

53 659 269 703 internus.
329 661 608 704 Conscientia
632 662 734 719 quia
753 676 932 704 sensum
954 660 1194 714 antecedit,
1223 675 1444 717 nunquam

55 737 97 779 is
126 741 217 780 tota
249 752 328 780 sua
358 738 612 794 integritate
642 739 858 796 procedit.
916 739 988 782 lta
1020 753 1191 795 semper
1220 738 1446 797 procedet,

55 818 108 857 ut
136 815 402 858 conscientia
430 830 483 858 ex
516 830 567 858 eo
594 815 806 873 progredi
835 821 1028 874 appetat.
1097 816 1246 872 Quare
1274 817 1446 874 simpli-

55 893 230 935 citatem
263 891 359 950 ejus
391 907 565 951 semper
591 893 773 935 habebis
801 893 1099 951 perturbatam
1132 894 1288 950 suique
1314 907 1446 950 nega-

56 970 220 1013 tionem
247 985 299 1012 ex
324 972 513 1028 partein
539 986 586 1014 se
614 977 850 1027 gerentem.
1332 1030 1338 1035 Ι

172 1047 344 1090 Sensus
371 1049 571 1092 internus
603 1064 686 1091 una
717 1050 874 1092 mentis
902 1050 1040 1091 forma
1071 1053 1164 1102 est,
1204 1062 1287 1105 qua
1319 1049 1447 1093 Deus

58 1129 226 1185 suscipi
260 1133 417 1185 potest.
486 1131 541 1170 ln
579 1144 662 1185 qua
696 1130 869 1171 etiamsi
910 1128 1218 1171 determinatio
1257 1127 1446 1171 nondum

57 1207 233 1251 omnino
270 1212 461 1264 negata‚'
498 1212 545 1250 at
580 1212 698 1250 certe
734 1209 921 1251 maxime
959 1213 1027 1250 est
1067 1207 1257 1249 omnium
1286 1208 1448 1250 sorma-

56 1299 153 1328 rum
183 1286 500 1343 spiritualium.
570 1284 801 1340 Quatenus
830 1286 875 1328 in
910 1285 1007 1342 ipsa
1042 1283 1349 1328 determinatio
1377 1298 1447 1327 re-

56 1363 292 1417 manserit,
333 1368 513 1406 eatenus
542 1363 596 1405 ab
616 1378 666 1405 ea
696 1364 821 1406 Deus
849 1364 1119 1407 abhorrebit.

170 1442 296 1484 Deus
335 1457 466 1498 quum
496 1443 613 1484 omni
643 1443 687 1484 in
725 1457 772 1484 se
803 1448 950 1484 careat
987 1448 1131 1495 motu,
1171 1442 1242 1484 hic
1277 1441 1449 1498 ipsein

59 1519 279 1575 singulum
310 1520 442 1566 cadit.
510 1521 638 1564 Unus
667 1528 810 1563 autem
840 1522 1004 1576 singuli
1043 1528 1211 1575 motus,
1248 1521 1303 1563 ad
1333 1536 1449 1563 com-

58 1600 303 1642 munionem
332 1615 427 1641 cum
450 1600 546 1642 Deo
575 1601 917 1657 impetrandam,
963 1602 1001 1643 is
1034 1607 1126 1655 est,
1166 1606 1214 1644 ut
1237 1602 1332 1659 ipse
1353 1600 1449 1642 sine

59 1682 178 1720 motu
213 1678 305 1720 fiat.
378 1675 736 1718 Persectissimus
777 1678 912 1732 igitur
957 1679 1090 1721 animi
1120 1679 1317 1721 desectus
1358 1684 1450 1719 tor-

59 1770 225 1815 porque
257 1756 297 1797 is
327 1761 395 1797 est
423 1760 589 1807 status,
628 1755 671 1796 in
702 1770 786 1811 quo
816 1755 914 1797 Deo
945 1757 1147 1810 singulus
1177 1758 1450 1814 perfruatur.

62 1834 212 1891 Quare
243 1848 412 1875 sensum
444 1834 662 1874 internum
700 1833 946 1874 rectissime
976 1835 1107 1875 talem
1140 1821 1306 1876 dixe-ris
1336 1847 1451 1887 esse,

59 1914 103 1956 in
129 1927 213 1969 quo
243 1913 445 1967 singulus
475 1926 497 1952 a
520 1910 619 1952 Deo
646 1911 900 1967 pendentem
926 1927 973 1953 se
994 1913 1172 1955 sentiat.

174 1991 261 2034 Sed
285 2007 366 2032 non
391 1991 499 2032 satis
521 1996 589 2031 est
612 1990 801 2042 dixisse,
844 1991 887 2031 in
911 2006 1041 2032 sensu
1067 1991 1145 2032 illo
1167 1991 1338 2032 interno
1359 1990 1450 2031 sin-

63 2072 209 2127 gulum
232 2084 278 2112 se
298 2084 320 2110 a
345 2069 441 2111 Deo
465 2067 722 2125 pendentem
744 2068 927 2111 sentire.
985 2068 1158 2110 Etenim
1193 2068 1235 2110 in
1266 2067 1449 2109 scientia

64 2162 234 2207 quoque
257 2147 380 2188 bomo
401 2146 657 2202 pendentem
681 2159 725 2185 se
747 2145 904 2197 sentit,
937 2146 1036 2200 quia
1057 2146 1099 2187 in
1121 2146 1217 2202 ipsa
1247 2159 1268 2186 a
1293 2150 1449 2186 natura

63 2229 132 2271 vel
163 2226 293 2268 rebus
321 2224 518 2265 externis
548 2223 756 2264 scientiae
786 2223 1009 2263 materiam
1040 2224 1214 2280 accipit.
1279 2220 1451 2264 Pendet

63 2306 176 2348 enim
198 2317 371 2360 semper
392 2302 445 2343 ab
470 2302 617 2356 aliquo
643 2301 793 2353 bomo,
834 2300 873 2341 si
895 2300 1097 2356 passivus
1116 2305 1200 2343 est.
1259 2301 1326 2343 At
1348 2314 1449 2340 con-

65 2389 134 2425 tra
162 2387 360 2423 naturam
390 2379 591 2433 singulus
614 2377 798 2433 quisque
826 2376 940 2417 liber
970 2391 1142 2433 quoque
1172 2381 1256 2420 est.
1313 2376 1449 2419 Liber

66 2460 178 2502 enim
207 2463 298 2511 est,
346 2458 447 2514 quia
480 2458 571 2511 agit
603 2462 645 2498 et
678 2455 850 2512 quidem
882 2456 985 2496 hacc
1012 2457 1125 2497 actio
1155 2457 1196 2498 in
1228 2471 1278 2499 eo
1305 2456 1448 2498 consi-

67 2539 169 2591 stit,
199 2542 245 2577 ut
267 2548 386 2577 suam
409 2534 643 2576 essentiam
674 2534 715 2574 in
747 2538 944 2575 naturam
966 2533 1237 2588 introducat,
1266 2548 1448 2591 eamque

68 2631 146 2658 sua
175 2615 343 2657 ratione
374 2619 499 2658 ornet
529 2618 573 2656 et
604 2612 890 2656 illustriorem
923 2612 1092 2658 reddat.
1151 2613 1227 2656 Ab
1245 2613 1447 2655 absoluto
