1639 2946
858 168 952 235 16

1014 238 1047 245 .-

223 352 305 394 que
331 337 375 379 in
414 351 460 378 se
499 341 649 391 gerat,
698 336 858 392 quibus
888 336 943 377 ab
973 335 1171 378 omnibus
1201 334 1436 377 distinctus
1464 339 1598 393 atque

222 417 422 458 seclusus
452 419 536 459 est.
592 415 656 456 Ea
691 415 879 456 hominis
907 419 1086 467 natura,
1125 427 1236 470 quae
1264 428 1288 456 e
1315 428 1394 456 sua
1420 414 1597 457 notione

220 494 486 536 universalis
523 497 615 545 est,
661 493 980 549 personalitas,
1022 507 1131 549 quae
1170 497 1315 535 autem
1357 492 1598 547 singularis

221 578 267 615 et
303 572 551 626 individua,
607 572 937 614 individualitas
985 586 1009 613 a
1051 571 1452 614 Schleiermachero
1491 570 1601 613 dici-

217 658 291 694 tur
321 652 383 707 ⁴7i).

332 728 651 785 Unusquisque
672 729 832 783 igitur,
871 743 1001 785 quum
1035 729 1148 771 tales
1167 742 1346 771 necesse
1368 728 1428 771 sit
1454 728 1601 787 profe-

217 814 288 852 rat
308 809 619 864 cogitationes,
651 821 761 863 quae
782 806 1046 849 individuam
1066 807 1208 864 ipsius
1228 813 1426 850 naturam
1453 807 1599 865 expri-

221 892 365 940 mant,
395 888 475 928 hae
499 900 581 926 non
604 885 752 926 eadem
775 886 944 927 ratione
975 900 1059 941 qua
1080 886 1279 941 reliquae
1308 885 1363 927 ad
1390 886 1600 928 scientiae

222 966 442 1008 notionem
471 964 630 1005 referri
651 968 860 1020 possunt,
897 964 1048 1020 itaque
1069 964 1138 1005 hic
1163 963 1457 1006 excludendae
1477 969 1597 1007 sunt.

331 1065 553 1121 Longiore
593 1065 671 1106 hac
711 1064 1012 1121 expositione,
1065 1078 1201 1120 quam.
1236 1064 1289 1105 de
1320 1065 1602 1120 cogitationis

219 1146 519 1200 scientiaeque
543 1144 771 1184 momentis
794 1143 1602 1202 instituimus,absoluta,formaejam,

220 1225 378 1282 quihus
409 1223 550 1265 omnis
583 1223 792 1276 cogitatio
828 1237 874 1263 se
915 1223 1186 1274 manifestat,
1225 1228 1268 1263 et
1298 1236 1350 1263 ex
1380 1236 1430 1263 eo
1460 1221 1602 1275 modo,

220 1318 305 1359 quo
328 1303 552 1351 oriuntur,
590 1308 633 1342 et
671 1315 721 1341 ex
743 1315 821 1353 eo,
860 1316 985 1357 quem
1015 1301 1175 1342 habent
1195 1301 1408 1341 rationem
1440 1300 1496 1342 ad
1527 1315 1601 1343 res

219 1389 445 1432 externas,
489 1379 736 1420 accuratius
766 1378 1056 1420 enucleandae
1085 1383 1129 1421 et
1157 1394 1209 1420 ex
1246 1393 1394 1420 earum
1423 1379 1600 1422 notione

219 1459 483 1515 cognitionis
505 1459 627 1510 fines,
645 1459 802 1513 quibus
827 1459 967 1499 omnis
988 1458 1196 1512 cogitatio
1220 1458 1388 1499 inclusa
1411 1462 1600 1512 tenetur,

223 1553 419 1594 quosque
458 1537 691 1578 secundnm
723 1536 1169 1579 Schleiermacherum
1199 1536 1405 1578 excedere
1434 1538 1602 1593 nequit,

219 1616 608 1658 circumscribendi
639 1622 755 1659 sunt.
821 1616 1032 1669 Formae,
1080 1616 1124 1657 in
1166 1630 1275 1672 quas
1314 1616 1521 1670 cogitatio
1552 1631 1601 1658 se

223 1695 446 1746 immittit,
496 1700 597 1735 sunt
636 1696 754 1736 notio
786 1700 828 1736 et
859 1695 1090 1751 judicium.
1150 1694 1486 1737 Conclusionem
1523 1707 1602 1736 cur

222 1772 651 1838 Scllleiermacherus
682 1773 941 1825 excluserit,
978 1773 1092 1815 infra
1122 1773 1383 1818 videbimus.

498 1985 608 2052 De
643 1985 1006 2053 notionum
1043 1985 1336 2072 origine.

336 2131 526 2179 Fontes,
567 2144 589 2170 e
611 2128 767 2184 quibus
791 2127 989 2168 notiones
1019 2132 1244 2180 emanant,
1274 2132 1376 2170 sunt
1404 2128 1520 2171 ratio
1551 2143 1602 2172 ac

224 2225 379 2252 sensus
403 2209 493 2262 iff).
551 2209 678 2248 Ratio
711 2206 1027 2247 determinandi
1048 2208 1245 2263 appetitu
1275 2213 1342 2248 est
1372 2207 1602 2262 instructa,

223 2304 381 2331 sensus
403 2295 545 2328 autem
569 2287 628 2326 ita
659 2293 759 2326 sunt
784 2284 1038 2340 compositi,
1084 2285 1192 2325 utin
1215 2299 1290 2326 eos
1311 2285 1600 2342 imprimendo

221 2381 295 2408 res
323 2373 528 2408 externae
560 2378 662 2405 suas
689 2377 887 2404 exercere
910 2362 1082 2418 possint
1111 2362 1318 2407 actiones,
1380 2363 1602 2419 Quamdiu

281 2527 327 2581 ᾗ)
361 2526 430 2569 Cf.
462 2540 504 2581 p.
538 2531 604 2566 71.

279 2594 357 2647 ’‘W)
391 2593 455 2636 Cf.
487 2594 522 2645 §.
556 2597 648 2633 255.
