1639 2946
150 424 216 467 Ut
243 424 416 466 omnino
435 423 655 478 cogitandi
688 425 800 466 actio
834 424 1067 479 unicuique
1094 421 1193 463 data
1223 428 1312 479 est,
1349 421 1528 479 ejusque

149 503 270 544 nullo
314 500 439 543 modo
481 502 535 542 ab
583 503 770 544 hominis
812 502 1035 544 voluntate
1075 500 1237 557 pendet
1289 500 1532 556 possessio,

149 580 372 637 nullisque
415 582 593 637 probari
636 586 784 639 potest
831 581 1122 635 argumentis,
1180 593 1309 635 quum
1367 578 1531 619 nullam

149 657 244 716 ejus
276 664 418 700 status
452 661 686 703 habeamus
716 661 938 712 notitiam,
970 675 1053 715 quo
1092 659 1280 701 nondum
1309 656 1531 712 cogitaba-

147 750 268 790 mus,
299 753 376 781 nec
405 741 711 782 conscientiam
746 740 885 781 nostri
914 740 1061 796 adepti
1093 753 1290 788 eramus,
1320 737 1381 777 ita
1412 734 1530 787 cogi-

146 818 257 859 tatio
310 817 612 875 philosophica
668 820 759 860 sive
799 819 980 859 scientia
1023 817 1139 858 inter
1181 815 1375 872 reliquas
1412 813 1531 854 inve-

147 895 292 946 nitur,
340 911 479 952 neque
511 896 629 937 aliud
661 895 872 949 agendum
906 901 999 947 est,
1045 895 1133 935 nisi
1164 900 1210 934 ut
1246 892 1388 949 ipsius
1427 905 1529 933 con-

152 974 233 1015 scii
258 975 412 1017 siamus
433 975 780 1032 peculiaremque
807 975 903 1033 ejus
927 980 1124 1015 naturam
1150 984 1474 1027 cognoscamus.

257 1096 435 1153 Duplex
450 1097 537 1155 jain
562 1096 841 1154 repetendum
857 1093 1293 1153 accuratiusquecum
1309 1095 1528 1138 Schleier-

146 1175 347 1217 machoro
378 1175 676 1232 explicandum
698 1181 764 1217 est
790 1181 1074 1227 momentum,
1106 1191 1189 1231 quo
1221 1190 1243 1216 a
1267 1176 1437 1230 vulgari
1458 1190 1528 1216 co-

145 1254 356 1308 gitatione
375 1253 581 1309 cogitatio
600 1254 900 1310 philosophica
923 1255 1011 1295 sive
1032 1254 1214 1295 scientia
1232 1252 1469 1310 discrepet.

255 1376 451 1418 Priinum
485 1377 655 1434 quidem
686 1392 735 1418 ea
772 1381 938 1417 tantum
979 1375 1198 1429 cogitandi
1227 1376 1339 1417 actio
1379 1375 1526 1418 eadem

154 1455 341 1497 scientia
386 1460 478 1507 est,
532 1470 642 1511 quae
674 1455 717 1496 id
757 1455 840 1495 sibi
883 1469 1139 1511 persuasum
1187 1454 1344 1506 habet,
1391 1462 1438 1495 ut
1473 1454 1527 1494 ab

145 1532 370 1584 omnibus,
409 1532 566 1587 quibus
593 1532 819 1585 'cogitandi
851 1532 950 1572 data
979 1537 1045 1573 est
1076 1532 1291 1584 facultas,
1330 1546 1414 1573 non
1456 1547 1527 1574 so-

143 1609 423 1652 lum‘eadem
463 1610 632 1650 ratione
685 1624 733 1650 ac
773 1610 866 1662 via,
917 1609 992 1651 sed
1041 1610 1191 1650 eodem
1231 1611 1362 1650 etiam
1406 1610 1525 1651 exitu

145 1689 399 1746 proferatur
422 1692 465 1730 et
492 1689 532 1729 in
557 1689 695 1729 lucem
719 1688 883 1730 edatur.
906 1688 950 1744 ἢ
1011 1688 1108 1743 Qua
1138 1703 1400 1744 quamquam
1425 1703 1525 1745 per-

145 1767 350 1809 suasione
379 1767 560 1807 scientia
598 1782 746 1808 carere
775 1782 857 1807 non
898 1772 1070 1824 potest,
1117 1767 1220 1808 inde
1260 1772 1404 1808 tamen
1442 1783 1524 1810 non

146 1847 372 1904 sequitur,
413 1851 462 1887 ut
491 1846 629 1887 omnis
656 1846 883 1903 persuasio
908 1845 995 1904 jam
1035 1846 1094 1886 sit
1138 1846 1342 1889 scientia.
1410 1845 1521 1888 Per-

148 1925 297 1967 suasio
326 1924 535 1980 indolem,
577 1940 686 1980 qnae
716 1925 899 1976 dicitur,
931 1924 1216 1980 subjectivam
1256 1925 1415 1965 habere
1447 1939 1524 1980 po-

144 2008 236 2046 test
264 2001 520 2060 semperque
552 2004 682 2044 habet
708 2005 751 2044 in
783 2004 838 2044 iis
864 2003 1134 2055 rationibus,
1168 2018 1277 2059 quas
1306 2004 1432 2060 quasi
1459 2005 1524 2045 le-

147 2096 225 2136 ges
269 2082 470 2135 singulus
509 2080 693 2137 quisque
736 2080 978 2136 sequendas
1018 2080 1397 2136 observandasque
1435 2081 1523 2123 sibi

145 2159 369 2216 imposuit.
402 2157 453 2199 ln
474 2158 549 2199 illa
573 2158 780 2199 scientiae
803 2158 1054 2199 definitione
1078 2173 1285 2200 summam
1302 2158 1523 2202 Schleier-

148 2237 376 2278 macheriis
406 2240 490 2279 vim
534 2237 578 2277 in
612 2251 662 2277 eo
694 2237 840 2292 ponit,
880 2241 927 2277 ut
966 2237 1024 2277 sit
1053 2237 1233 2277 scicntia
1263 2237 1411 2280 eadem
1451 2254 1521 2280 ra-

147 2314 265 2355 tione
285 2329 333 2355 ac
355 2314 423 2356 via
447 2314 501 2354 ab
522 2314 719 2355 omnibus
742 2314 924 2365 'ell'ecta‚
955 2328 1036 2354 non
1060 2314 1168 2354 satis
1191 2330 1286 2356 esse
1309 2322 1521 2371 statuens,

147 2392 396 2434 consentire
433 2405 582 2433 omnes
630 2390 676 2432 in
723 2404 796 2442 eo,
853 2405 976 2447 quem
1024 2405 1118 2432 inea
1163 2393 1322 2434 exitum
1362 2394 1520 2438 habeat

147 2471 372 2527 cogitatio-

209 2682 257 2738 ³²)
283 2682 349 2728 Cf.
372 2685 407 2740 ς.
435 2692 510 2738 87,
540 2686 575 2740 ξ.
603 2692 678 2740 88,
707 2687 746 2739 ς.
769 2693 832 2728 89.
